4874 5652
208 181 274 248 raa
842 179 959 248 euru.
980 175 1085 247 nnn.
1103 149 1288 248 sennenn
1307 164 1621 248 noannnon‘
1679 189 1681 195 ’
1914 133 1917 140 ’
1977 243 1980 248 ,
2155 177 2254 281 555
2369 155 2426 291 ᾗ

209 373 288 432 15155
306 377 447 433 caeteros
471 369 551 432 solis
572 371 669 432 instar
685 371 801 433 enitent
821 372 896 432 Loci
919 369 1084 450 theologici
1107 319 1751 450 51515555555515555155555115111555
1773 369 1938 452 scriptam,
1960 369 1991 431 in
2014 389 2076 450 quo
2097 389 2218 432 55555

209 457 364 558 doctrinae
382 457 566 537 christianae
589 459 617 517 15
641 447 813 536 quindecim
830 457 918 518 locos
940 458 1104 519 distributa
1126 448 1258 522 555155
1281 456 1489 520 emditissime
1512 455 1805 540 elegantissimequc
1827 457 1969 537 exposita
1990 461 2074 518 est“

414 609 448 672 15
467 611 645 672 eiusdem
669 609 706 671 ad
720 607 815 690 Casp.
828 609 1035 672 Eberhardum
1055 609 1197 691 epistolis
1219 630 1248 690 p.
1263 613 1336 671 506.
1355 607 1432 670 haec
1453 607 1610 691 leguntur:
1634 613 1736 683 „Amo
1755 617 1788 672 et
1803 629 1930 671 veneror
1940 607 2074 690 Philippi
2097 629 2217 681 nomen,

210 697 375 758 doctrinam
398 703 431 757 et
451 699 558 760 merita
579 717 652 776 erga
669 695 854 768 Ecclesiam,
877 718 936 758 non
959 699 1071 767 minus,
1094 716 1184 775 quam
1207 691 1326 756 illorum
1349 698 1522 776 quisquam.
1588 695 1630 758 Et
1654 696 1778 758 sormam
1798 715 1893 756 55555
1916 695 2071 757 doctrinae
2094 698 2123 756 in
2146 693 2218 770 Phi·

207 783 282 864 lippi
301 783 381 844 15515
405 801 442 842 55
465 783 595 844 55515515
618 785 742 864 55515115
767 785 884 864 corpori
905 783 1060 844 doctrinae
1082 782 1205 843 insertis
1228 781 1368 846 traditam
1391 803 1450 843 non
1473 784 1575 844 minus
1598 802 1688 863 quam
1711 781 1755 844 illi
1779 782 1946 863 amplector
1973 789 2006 845 51
2030 783 2060 842 15
2083 781 2142 843 bac
2163 781 2219 842 Sa·

206 877 293 951 repta
315 867 505 950 [Rostochii]
528 888 694 950 propagare
712 868 857 930 studeo.“

414 1035 530 1120 Casp.
553 1032 795 1120 Crhcigerus
818 1040 847 1100 in
871 1039 1058 1120 Scriptorum
1080 1037 1203 1120 publica
1224 1039 1446 1119 propositorum
1469 1057 1488 1098 5
1510 1037 1738 1120 professoribus
1756 1040 1786 1099 15
1808 1037 1977 1100 Academia
1988 1035 2220 1118 Witebergeusi

207 1123 305 1188 Tamo
323 1122 365 1184 V.
386 1125 425 1186 ad
447 1147 475 1186 a.
502 1129 594 1188 1563.
618 1125 696 1186 haec
714 1124 821 1188 refert:
846 1124 957 1195 „Nunc
979 1127 1120 1186 eximium
1143 1124 1251 1186 librum
1275 1127 1343 1186 eins
1366 1125 1396 1186 in
1420 1145 1529 1186 manus
1552 1144 1720 1207 sumemus,
1749 1126 1800 1186 cni
1815 1124 1935 1186 titulum
1947 1123 2022 1186 facit
2038 1123 2114 1184 Luc.
2132 1143 2219 1204 prae-

207 1213 267 1292 cip.
289 1211 385 1272 tbeol.
409 1213 460 1290 qui
483 1209 561 1272 liber
584 1219 642 1284 551,
665 1218 698 1272 51
719 1213 832 1272 veteris
851 1211 1002 1292 Theologi
1025 1213 1127 1273 verbis
1151 1218 1278 1281 utamur,
1306 1217 1405 1274 θείων
1427 1215 1534 1291 λογίων
1555 1216 1717 1294 φιλοπονία
1738 1214 1789 1273 sal
1816 1208 1853 1272 τὸ
1874 1214 1905 1272 ἐν
1926 1208 2029 1282 αὐτοῖς
2050 1211 2117 1292 φῶς
2139 1207 2220 1292 erip:-

147 1337 149 1342 ·
207 1297 352 1376 σειόμενον
370 1294 426 1359 5515
438 1295 545 1387 5515515
567 1299 620 1360 555
641 1295 819 1376 πνεῦμαιος.
842 1296 926 1376 Vere
940 1307 1040 1358 autem
1064 1300 1093 1358 in
1117 1298 1175 1358 hoc
1199 1295 1412 1376 comprehendi
1432 1317 1478 1368 55,
1502 1315 1579 1377 quae
1598 1299 1640 1378 pii
1663 1297 1794 1358 hominis
1816 1295 1950 1358 studium
1974 1295 2149 1358 iniectione
2170 1313 2219 1356 sa·

208 1403 277 1444 crae
300 1385 468 1464 scripturae
491 1383 585 1444 ductu
604 1383 647 1444 S.·
661 1381 795 1464 Spiritus
819 1391 850 1444 et
871 1386 986 1445 1555511
1008 1393 1039 1444 51
1056 1384 1190 1443 invenire
1212 1389 1327 1463 potest,
1350 1393 1380 1442 et
1402 1384 1491 1462 quasi
1513 1383 1615 1444 lumen
1639 1382 1789 1462 quoddam
1812 1401 1904 1454 esse,
1933 1381 2017 1461 quod
2039 1379 2078 1442 de
2099 1379 2159 1442 hac
2176 1401 2220 1442 re·

205 1469 333 1550 fulgeat,
356 1488 407 1529 res
431 1469 576 1530 ostendit.
642 1469 709 1530 Hoc
728 1471 818 1550 igitur
838 1471 1009 1530 rectissime
1028 1477 1146 1530 utemur
1168 1469 1206 1529 ad
1232 1469 1482 1532 introductionem
1501 1469 1531 1530 in
1553 1468 1650 1530 libros
1667 1467 1812 1550 Prophet
1836 1474 1868 1528 et
1883 1466 2029 1548 Apostol.
2052 1473 2084 1528 et
2106 1487 2167 1547 qno
2190 1469 2220 1528 15
2264 1475 2270 1482 “

204 1557 377 1638 praecipuis
397 1556 548 1634 capitibus
569 1554 725 1634 religionis
743 1545 865 1616 nostrae
887 1557 1087 1626 instituamur,
1110 1561 1144 1615 nt
1164 1555 1207 1615 sit
1227 1563 1329 1627 πίστις
1351 1551 1446 1634 dysis,
1464 1561 1496 1618 et
1518 1555 1722 1636 compleamur
1743 1555 1873 1615 scientia
1892 1561 2075 1615 sanctorum.
2118 1551 2221 1626 Quen:

206 1643 287 1704 5515
310 1661 349 1702 ex
370 1641 525 1704 veteribus
548 1661 585 1701 55
606 1643 694 1702 novis
716 1641 803 1704 libris
824 1641 896 1703 hnic
918 1643 947 1702 in
970 1641 1029 1702 boc
1051 1647 1164 1722 genere
1186 1639 1407 1722 praeferamus,
1431 1661 1490 1722 ego
1509 1641 1631 1722 quidem
1653 1661 1714 1702 non
1736 1641 1889 1722 repertos

123 1873 128 1884 ,
412 1809 521 1872 51551.
557 1805 809 1873 (1555511155
844 1815 872 1874 15
895 1811 1118 1873 lntimationum
1146 1809 1438 1890 Wittebergensium
1468 1809 1555 1872 Tora.
1583 1808 1621 1871 11.
1645 1809 1698 1871 151.
1725 1813 1794 1871 100.
1817 1807 1877 1870 555
1899 1808 1938 1870 de
1958 1809 2052 1870 Lo'cis
2076 1809 2221 1872 indicium

205 1896 279 1974 fert:
303 1895 423 1969 „Utilis
441 1905 491 1959 est
511 1897 605 1958 lectio
627 1897 793 1962 leucorum.
835 1897 903 1958 Nec
925 1900 954 1959 in
978 1899 1072 1958 Locis
1095 1896 1156 1958 alia
1174 1898 1310 1958 doctrina
1331 1904 1390 1968 est,
1409 1917 1499 1978 quam
1522 1917 1602 1978 quae
1624 1896 1731 1958 tradita
1753 1903 1804 1957 est
1827 1895 1857 1976 in
1879 1895 2003 1976 scriptis
2026 1893 2221 1976 Propheticis
2301 1971 2306 1979 ¹

206 1991 238 2045 et
259 1982 452 2064 Apostolicis
482 1989 514 2045 et
536 1981 704 2064 Symbulis.
770 1982 957 2046 Monstratur
979 1985 1019 2046 151
1040 1989 1072 2046 51
1090 1984 1245 2044 distinctio
1266 1985 1478 2054 membrorum,
1502 2003 1579 2063 quae
1602 1987 1674 2044 5551
1696 1978 1725 2042 15
1748 1979 1835 2044 115515
1858 1977 2066 2063 Ρ5555511515,
2100 1982 2152 2044 551
2170 1980 2223 2042 lex

205 2071 357 2140 recitetur,
380 2069 432 2130 nbi
455 2069 676 2150 promissiones
698 2071 874 2150 propositae
897 2061 975 2132 sint'
1013 2075 1058 2130 Ac
1080 2070 1162 2150 quod
1185 2071 1226 2130 sit
1248 2069 1410 2130 discrimen
1433 2069 1645 2150 promissionis
1667 2075 1810 2129 55155555
1832 2073 1864 2130 51
1884 2067 2106 2154 temporalium.
2145 2063 2223 2128 ltem

204 2153 366 2302 5155535111
389 2164 420 2217 51
442 2155 585 2236 politicae
603 2157 787 2236 sapientiae,
809 2156 942 2237 denique
964 2157 1098 2217 membra
1120 2157 1162 2218 ihi
1184 2156 1273 2235 quasi
1296 2155 1483 2218 evolvuntur.
1513 2151 1587 2216 ldeo
1609 2155 1731 2216 decrevi
1753 2152 1862 2216 librum
1885 2151 1969 2215 illum
1991 2153 2115 2236 publice
2136 2172 2222 2234 prae·
2250 2152 2255 2160 ’

220 2253 345 2321 egere.“
1298 2265 1302 2270 ·

120 2483 126 2492 Ι
410 2407 515 2471 ldem
537 2411 567 2472 in
590 2407 754 2482 Oratione,
783 2416 874 2491 quam
896 2409 1019 2494 publice
1046 2411 1183 2474 recitavit
1209 2412 1294 2472 initio
1316 2411 1531 2492 praelectionis
1553 2410 1704 2472 Locorum
1722 2407 1817 2471 theol.
1840 2407 1975 2491 Philippi
1997 2429 2023 2472 a.
2050 2413 2146 2472 1554.
2170 2408 2221 2471 die
2336 2439 2342 2454 ι

206 2495 344 2569 aaran,
367 2495 446 2558 5555
469 2496 559 2559 dixit:
583 2497 800 2569 „l⁴'ilius1)ei‚
835 2499 887 2578 qni
921 2499 1063 2560 55151115
1084 2519 1161 2558 5555
1184 2493 1339 2558 doctrinae
1361 2519 1485 2578 semper
1507 2495 1591 2558 dedit
1612 2495 1691 2568 tales
1714 2495 1868 2567 doctores,
1892 2495 1942 2575 qui
1965 2495 2084 2557 erudita
2104 2497 2221 2576 pietate

204 2589 310 2665 partes
333 2583 489 2643 doctrinae
512 2585 541 2644 in
566 2581 688 2644 formam
710 2583 893 2664 redigerent,
917 2578 1000 2646 5115
1024 2593 1135 2645 555155
1159 2583 1282 2646 1555555
1305 2583 1388 2664 stylo
1413 2583 1543 2644 hominis
1564 2585 1694 2664 propriis
1718 2589 1749 2643 et
1772 2581 1945 2662 perspicuis
1978 2581 2082 2642 verbis
2106 2587 2220 2643 contra·

204 2669 321 2738 555551,
345 2675 429 2730 utet
450 2671 480 2728 15
504 2668 560 2730 hac
578 2671 679 2731 mnndi
702 2677 829 2731 senecta
848 2675 934 2730 esset
957 2670 1060 2750 aliqua
1081 2667 1234 2742 Ecclesia,
1258 2669 1374 2750 Spiritu
1397 2668 1431 2730 S.
1456 2671 1601 2731 excitavit
1617 2669 1655 2729 R.
1677 2667 1717 2730 1).
1732 2665 1780 2730 Ρ5.
1794 2666 1969 2748 Philippum
1992 2665 2143 2752 Melantb.
2167 2668 2219 2746 qui

204 2753 371 2816 doctrinam
394 2775 412 2815 a
432 2754 570 2815 huibero
592 2757 621 2816 in
645 2757 736 2816 variis
758 2755 847 2818 libris
871 2763 1025 2818 tractatam
1048 2757 1078 2816 in
1101 2777 1191 2818 unum
1216 2759 1304 2838 quasi
1328 2764 1566 2818 consentancum
1585 2775 1697 2836 555555
1716 2760 1949 2834 coagmentaret.
2002 2751 2072 2814 Non
2096 2755 2155 2814 iam
2178 2752 2220 2814 di·

204 2861 281 2914 555,
305 2841 407 2923 quanti
433 2839 491 2901 boc
509 2840 601 2903 fuerit
621 2841 747 2913 laboris,
771 2849 902 2922 quantae
920 2841 1120 2914 difficultatis,
1155 2851 1286 2922 quantae
1309 2842 1517 2904 dexteritatis:
1550 2861 1651 2920 neque
1673 2841 1733 2902 boc
1750 2842 1865 2912 dicam,
1900 2858 1989 2919 quarn
2012 2839 2220 2900 necessarium

205 2924 327 2988 sithoc
350 2928 506 3006 55515155,
539 2947 607 2987 555
641 2927 763 3010 quidem
791 2927 906 2988 multae
934 2929 1081 2990 historiae
1108 2936 1238 3007 possent
1266 2929 1393 2998 adduci,
1428 2947 1518 3008 quarn
1541 2925 1711 2988 dissimiles
1734 2927 1845 2987 1555151
1867 2925 2018 3014 51555555
2040 2925 2220 2986 interibitis

204 3019 275 3073 5515
298 3012 411 3072 editum
435 3012 673 3092 5555555155.
717 3012 858 3074 Sufficiat
876 3013 945 3084 boc,
968 3013 1051 3092 qnod
1073 3013 1229 3074 lantherus
1252 3015 1426 3074 nominatim
1448 3011 1510 3076 hoc
1531 3014 1677 3094 scripturn
1706 3033 1765 3073 suo
1788 3013 1965 3073 testimonio
1988 3011 2164 3092 approbavit
2186 3015 2220 3071 51

204 3099 275 3158 eius
292 3097 455 3158 lectionem
477 3117 550 3178 5555
573 3098 642 3160 51115
665 3097 826 3180 diligenter
848 3099 1097 3160 commendavit“
1151 3163 1153 3168 ,
1806 3129 1810 3136 ·
1861 3091 1864 3096 ’
2234 3085 2244 3110 '

411 3265 616 3350 Polycarp.
638 3271 839 3352 Layaerus
862 3271 892 3330 15
914 3267 1105 3330 dedicatione
1123 3270 1161 3331 55
1184 3269 1253 3348 1555
1276 3264 1440 3328 1155551111
1458 3269 1552 3328 Locis
1574 3269 1785 3331 communibus
1810 3265 1888 3328 iufra
1908 3265 2109 3328 recensendis
2132 3286 2220 3348 prae·

204 3353 264 3415 fixa
285 3351 363 3414 haec
385 3355 493 3420 refert:
526 3353 589 3428 ,,15
614 3355 694 3417 5555
717 3357 805 3416 5555
830 3355 1080 3436 15555555551115.
1097 3353 1276 3415 eruditionis
1298 3355 1343 3414 vir
1366 3351 1401 3414 P.
1425 3353 1660 3431 515155551555,
1694 3353 1744 3436 qui
1768 3353 1869 3415 divina
1887 3351 2085 3414 Providentia
2106 3373 2216 3432 magno

204 3449 311 3500 nostro
335 3439 471 3501 bothero
494 3441 655 3504 adiunctus
673 3441 779 3514 fuerat,
799 3444 867 3522 ipse
891 3463 1014 3523 qnoque
1036 3449 1151 3522 partem
1174 3440 1305 3520 aliquam
1324 3438 1439 3502 laboris
1462 3443 1491 3502 in
1513 3461 1551 3502 55
1572 3443 1697 3522 5555511.
1723 3439 1767 3502 Et
1788 3433 1830 3502 ut'
1840 3442 1903 3500 1555
1926 3441 2060 3520 optimus
2083 3437 2141 3500 fuit
2158 3459 2220 3500 me·

204 3525 288 3587 155511
312 3525 428 3598 artifex,
450 3533 543 3606 atque
561 3549 628 3588 uum
650 3531 763 3610 pietate
786 3527 982 3609 multiplicem
1006 3548 1102 3589 rerum
1121 3548 1211 3587 usum
1234 3535 1267 3588 et
1281 3528 1496 3608 experientiam
1521 3528 1683 3602 coniunxit,
1706 3527 1749 3588 ita
1772 3547 1791 3587 5
1812 3525 1916 3586 551115
1945 3527 2032 3586 55515
2057 3545 2146 3587 5555
2169 3543 2222 3588 su·

203 3631 254 3672 um
279 3609 414 3671 studium
436 3611 497 3672 buc
520 3611 656 3682 55515111,
679 3621 713 3675 51
734 3615 883 3694 praecisis
906 3614 1074 3684 inutilibus,
1097 3613 1208 3674 otiosis
1237 3619 1268 3674 et
1291 3615 1422 3673 curiosis
1445 3615 1687 3693 quaestionibus,
1712 3613 1879 3673 doctrinam
1903 3611 1942 3671 de
1966 3612 2154 3672 necessariis
2176 3631 2220 3670 ar-

203 3695 311 3757 ticulis
335 3695 508 3756 methodica
529 3700 644 3760 ratione
667 3699 696 3758 15
715 3707 816 3760 555155
834 3699 922 3759 locos
941 3699 1142 3768 distribueret,
1165 3697 1299 3778 illosque
1321 3698 1487 3778 explicaret
1505 3698 1588 3772 51515
1611 3697 1759 3771 hominis,
1782 3697 1850 3759 h.e.
1873 3697 1975 3757 verbis
1998 3698 2129 3768 usitatis,
2154 3717 2218 3778 per·

205 3782 324 3862 spicuis
347 3787 379 3842 et
400 3783 530 3841 maxime
553 3783 693 3864 propriis.
739 3782 824 3846 lllum
847 3805 938 3845 suum
956 3783 1091 3846 laborem
1114 3785 1198 3846 initio
1221 3785 1460 3866 hypotyposeon
1483 3787 1604 3846 nemine
1626 3786 1792 3865 insignivit.
1838 3781 1916 3844 Post
1937 3781 2059 3864 aliquos
2082 3803 2215 3844 vernan-

204 3887 263 3928 nos
287 3865 357 3926 illas
380 3867 439 3927 sub
463 3868 601 3929 incudem
624 3878 784 3931 revocatas
805 3879 836 3930 et
857 3879 964 3932 auctas
987 3871 1087 3931 denuo
1110 3870 1250 3930 1515555
1274 3871 1376 3932 emisit
1397 3879 1490 3950 atque
1512 3869 1645 3931 locorum
1658 3871 1859 3932 communium
1882 3867 2000 3930 titulum
2020 3867 2103 3930 iecit.
2127 3867 2210 3948 0555

203 3959 366 4036 praestans
388 3960 420 4014 et
441 3954 571 4034 insigne,
594 3956 676 4036 quod
699 3977 758 4016 non
781 3962 893 4016 tantum
917 3957 1062 4016 bonorum
1081 3957 1213 4016 omnium
1236 3957 1494 4036 congratulatione
1523 3957 1740 4036 excipiebatur,
1769 3956 1827 4016 sed
1850 3953 2076 4016 5151515555
2099 3970 2211 4014 summa

204 4039 489 4103 commendabatur:
518 4041 598 4101 unde
620 4044 649 4102 15
672 4040 798 4102 scholas
820 4042 858 4103 ad
881 4043 1064 4104 erudiendos
1087 4041 1275 4123 'l'beologine
1297 4041 1457 4103 studiosos
1480 4050 1635 4123 receptum
1658 4049 1715 4104 est.
1758 4040 1836 4103 Nam
1864 4043 2136 4122 persuasissimum
2154 4043 2216 4099 erat

204 4127 334 4195 5555115,
360 4127 389 4186 15
414 4125 477 4186 11115
500 4126 579 4188 15515
603 4127 768 4207 aliquoties
791 4130 935 4190 correctis
958 4137 988 4190 et
1006 4127 1175 4190 emendatis
1198 4131 1321 4191 verbum
1343 4131 1476 4208 positum
1501 4149 1572 4189 esse
1593 4127 1714 4190 omniuo
1733 4127 1858 4202 nullum,
1882 4128 1963 4206 quod
1977 4147 2035 4194 555
2058 4133 2149 4188 55155
2165 4123 2216 4186 ali·

206 4213 331 4292 quinties
355 4212 590 4292 diligentissime
604 4213 695 4276 155511
718 4215 917 4276 examinatum
941 4222 972 4276 et
989 4215 1028 4275 ad
1045 4217 1181 4276 15511555
1204 4215 1287 4275 verbi
1311 4215 1404 4276 divini
1425 4216 1621 4276 exactissime
1645 4233 1822 4294 expensum.
1854 4212 2111 4294 Quandoquidem
2136 4213 2217 4272 enirn

206 4297 373 4362 adversarii
396 4297 520 4378 singuli,
544 4319 669 4378 quorum
692 4299 839 4382 plurimos
861 4299 1068 4362 1515555551
1090 4299 1252 4381 Philippus
1274 4301 1354 4362 51555
1373 4301 1552 4382 5515515155
1574 4301 1796 4382 repurgationis
1818 4299 1989 4370 habebant,
2022 4300 2052 4358 15
2085 4298 2216 4377 quasvis

207 4384 408 4454 calumniandi
432 4387 613 4446 occasiones
636 4388 853 4467 151551155551,
876 4394 907 4448 et
925 4388 1131 4468 undequaque
1154 4387 1380 4466 conquirebant,
1403 4387 1431 4447 si
1453 4385 1568 4467 aliquid
1590 4387 1750 4460 diceretur,
1769 4387 1798 4448 in
1821 4385 2068 4466 qnospeciosum
2082 4382 2218 4462 aliquem

206 4481 337 4532 errorem
362 4461 523 4532 ostendere
544 4480 689 4551 possent:
712 4475 833 4534 cornino
858 4471 999 4554 Philippo
1019 4472 1211 4552 cogitandum
1234 4473 1291 4534 fuit
1312 4473 1350 4533 de
1373 4472 1426 4534 tali
1449 4475 1601 4534 sermonis
1623 4491 1754 4553 genere,
1787 4471 1869 4552 quod
1889 4467 2039 4552 simplex,
2062 4470 2218 4550 proprium

208 4577 247 4618 ex
269 4556 435 4638 scripturae
457 4555 592 4618 fontibus
613 4566 755 4633 sumtum,
777 4568 809 4622 et
830 4561 1021 4641 gravissimis
1043 4559 1082 4618 de
1105 4559 1208 4619 causis
1231 4561 1259 4619 in
1282 4557 1368 4620 Eccl.
1391 4565 1562 4640 55555155,
1595 4567 1687 4638 atque
1708 4559 1853 4619 usitatum
1876 4563 1987 4620 esset:
2011 4549 2219 4635 (5555155555-

206 4641 318 4706 1155155
341 4645 370 4704 15
392 4641 478 4704 11551.
502 4645 696 4708 necessarios
718 4646 834 4719 dextre,
856 4647 1030 4728 perspicue,
1053 4651 1085 4706 et
1101 4645 1152 4724 pie
1174 4645 1349 4726 explicaret,
1379 4652 1411 4708 et
1437 4653 1541 4708 555155
1568 4645 1651 4726 quod
1678 4644 1843 4716 adversarii
1865 4641 1959 4716 nihii,
1993 4640 2077 4722 quod
2106 4638 2220 4704 saltem

207 4727 435 4792 sinrilitudinern
459 4729 591 4810 aliquam
616 4732 679 4792 veri
702 4731 1146 4813 555555155555555555511·
1210 4795 1233 4806 ,Ι

187 4890 251 5050 ’.Ι
282 4993 294 5050 t
358 4841 363 4860 Ι
413 4899 538 4975 Praeter
564 4900 642 4963 baec
673 4902 785 4964 indicia
818 4903 907 4965 etiam
939 4903 998 4964 tria
1030 4901 1132 4984 elogia
1163 4903 1287 4985 poetica
1317 4902 1348 4964 in
1375 4899 1585 4964 115155155515
1612 4902 1718 4964 Locos
1738 4897 1914 4963 Strobelius
1942 4897 2058 4982 l.l.p.
2082 4853 2144 4962 219
2167 4915 2217 4978 sq.

249 5007 310 5054 er:
