<?xml version="1.0" encoding="UTF-8"?>
<!DOCTYPE html PUBLIC "-//W3C//DTD XHTML 1.0 Transitional//EN"
    "http://www.w3.org/TR/xhtml1/DTD/xhtml1-transitional.dtd">
<html xmlns="http://www.w3.org/1999/xhtml" xml:lang="en" lang="en">
 <head>
  <title>
</title>
<meta http-equiv="Content-Type" content="text/html;charset=utf-8" />
  <meta name='ocr-system' content='tesseract 3.04.00' />
  <meta name='ocr-capabilities' content='ocr_page ocr_carea ocr_par ocr_line ocrx_word'/>
</head>
<body>
  <div class='ocr_page' id='page_1' title='image "./corpusreformato21melagoog/corpusreformato21melagoog_0350.png"; bbox 0 0 4874 5652; ppageno 0'>
   <div class='ocr_carea' id='block_1_1' title="bbox 97 153 2268 280">
    <p class='ocr_par' dir='ltr' id='par_1_1' title="bbox 97 153 2268 280">
     <span class='ocr_line' id='line_1_1' title="bbox 97 153 2268 280; baseline 0 -15"><span class='ocrx_word' id='word_1_1' title='bbox 97 188 102 200; x_wconf 91' lang='grc'>·</span> <span class='ocrx_word' id='word_1_2' title='bbox 204 187 275 266; x_wconf 76' lang='lat' dir='ltr'><strong><em>aar</em></strong></span> <span class='ocrx_word' id='word_1_3' title='bbox 571 165 613 267; x_wconf 76' lang='lat' dir='ltr'><strong><em>‘r</em></strong></span> <span class='ocrx_word' id='word_1_4' title='bbox 636 199 741 266; x_wconf 78' lang='lat' dir='ltr'><strong><em>uoci</em></strong></span> <span class='ocrx_word' id='word_1_5' title='bbox 763 173 1034 264; x_wconf 69' lang='lat' dir='ltr'><strong><em>menendici</em></strong></span> <span class='ocrx_word' id='word_1_6' title='bbox 1057 197 1247 264; x_wconf 67' lang='lat' dir='ltr'><strong><em>trauan:</em></strong></span> <span class='ocrx_word' id='word_1_7' title='bbox 1270 161 1313 263; x_wconf 75' lang='lat' dir='ltr'><strong><em>i.</em></strong></span> <span class='ocrx_word' id='word_1_8' title='bbox 1337 159 1478 267; x_wconf 78' lang='lat' dir='ltr'><strong><em>enum</em></strong></span> <span class='ocrx_word' id='word_1_9' title='bbox 1500 159 1664 280; x_wconf 76' lang='lat' dir='ltr'><strong><em>nonan</em></strong></span> <span class='ocrx_word' id='word_1_10' title='bbox 1682 197 1838 264; x_wconf 73' lang='lat' dir='ltr'><strong><em>auris.</em></strong></span> <span class='ocrx_word' id='word_1_11' title='bbox 2075 257 2083 268; x_wconf 85' lang='lat'><strong><em>.</em></strong></span> <span class='ocrx_word' id='word_1_12' title='bbox 2148 199 2215 266; x_wconf 79' lang='lat' dir='ltr'><strong><em>aas</em></strong></span> <span class='ocrx_word' id='word_1_13' title='bbox 2266 153 2268 161; x_wconf 58' lang='grc'><em>’</em></span> 
     </span>
    </p>
   </div>
   <div class='ocr_carea' id='block_1_2' title="bbox 160 357 2216 645">
    <p class='ocr_par' dir='ltr' id='par_1_2' title="bbox 160 357 2216 645">
     <span class='ocr_line' id='line_1_2' title="bbox 160 357 2216 471; baseline 0 -17"><span class='ocrx_word' id='word_1_14' title='bbox 160 415 165 423; x_wconf 73' lang='grc'><em>’</em></span> <span class='ocrx_word' id='word_1_15' title='bbox 203 391 350 454; x_wconf 79' lang='lat' dir='ltr'><strong><em>Editione</em></strong></span> <span class='ocrx_word' id='word_1_16' title='bbox 371 391 620 471; x_wconf 80' lang='lat' dir='ltr'><strong><em>Argentorateusi</em></strong></span> <span class='ocrx_word' id='word_1_17' title='bbox 643 392 712 451; x_wconf 84' lang='lat' dir='ltr'><strong><em>anni</em></strong></span> <span class='ocrx_word' id='word_1_18' title='bbox 738 392 829 451; x_wconf 73' lang='lat'><strong><em>1523.</em></strong></span> <span class='ocrx_word' id='word_1_19' title='bbox 850 389 923 468; x_wconf 83' lang='lat' dir='ltr'><strong><em>(Ed.</em></strong></span> <span class='ocrx_word' id='word_1_20' title='bbox 950 393 1015 468; x_wconf 91' lang='grc'>10.)</span> <span class='ocrx_word' id='word_1_21' title='bbox 1036 389 1128 451; x_wconf 88' lang='lat' dir='ltr'><strong><em>huius</em></strong></span> <span class='ocrx_word' id='word_1_22' title='bbox 1152 389 1271 460; x_wconf 84' lang='lat' dir='ltr'><strong><em>aetatis,</em></strong></span> <span class='ocrx_word' id='word_1_23' title='bbox 1291 391 1320 450; x_wconf 92' lang='lat' dir='ltr'><strong><em>in</em></strong></span> <span class='ocrx_word' id='word_1_24' title='bbox 1338 389 1406 452; x_wconf 90' lang='lat' dir='ltr'><strong><em>Vol.</em></strong></span> <span class='ocrx_word' id='word_1_25' title='bbox 1428 387 1512 452; x_wconf 82' lang='lat' dir='ltr'><strong><em>xxl.</em></strong></span> <span class='ocrx_word' id='word_1_26' title='bbox 1535 411 1566 470; x_wconf 86' lang='lat' dir='ltr'><strong><em>p.</em></strong></span> <span class='ocrx_word' id='word_1_27' title='bbox 1587 393 1637 453; x_wconf 88' lang='grc'><strong><em>69.</em></strong></span> <span class='ocrx_word' id='word_1_28' title='bbox 1661 391 1814 452; x_wconf 82' lang='lat' dir='ltr'><strong><em>recensita</em></strong></span> <span class='ocrx_word' id='word_1_29' title='bbox 1835 357 2008 470; x_wconf 54' lang='lat' dir='ltr'><strong><em>congruere.</em></strong></span> <span class='ocrx_word' id='word_1_30' title='bbox 2043 391 2112 452; x_wconf 88' lang='lat' dir='ltr'><strong><em>Nou</em></strong></span> <span class='ocrx_word' id='word_1_31' title='bbox 2136 393 2216 454; x_wconf 89' lang='lat' dir='ltr'><strong><em>enim</em></strong></span> 
     </span>
     <span class='ocr_line' id='line_1_3' title="bbox 181 469 2215 559; baseline -0.001 -19"><span class='ocrx_word' id='word_1_32' title='bbox 181 511 182 514; x_wconf 36' lang='lat'>¹</span> <span class='ocrx_word' id='word_1_33' title='bbox 205 483 332 552; x_wconf 84' lang='lat' dir='ltr'><strong><em>textum,</em></strong></span> <span class='ocrx_word' id='word_1_34' title='bbox 358 478 457 559; x_wconf 87' lang='lat' dir='ltr'><strong><em>qualis</em></strong></span> <span class='ocrx_word' id='word_1_35' title='bbox 480 481 510 539; x_wconf 91' lang='lat' dir='ltr'><strong><em>iu</em></strong></span> <span class='ocrx_word' id='word_1_36' title='bbox 533 469 590 539; x_wconf 84' lang='lat' dir='ltr'><strong><em>Ed.</em></strong></span> <span class='ocrx_word' id='word_1_37' title='bbox 610 479 744 558; x_wconf 80' lang='lat' dir='ltr'><strong>principe</strong></span> <span class='ocrx_word' id='word_1_38' title='bbox 767 478 835 538; x_wconf 83' lang='lat' dir='ltr'><strong><em>anni</em></strong></span> <span class='ocrx_word' id='word_1_39' title='bbox 861 479 953 538; x_wconf 76' lang='lat'><strong><em>1521.</em></strong></span> <span class='ocrx_word' id='word_1_40' title='bbox 976 483 1068 557; x_wconf 85' lang='lat' dir='ltr'><strong><em>atque</em></strong></span> <span class='ocrx_word' id='word_1_41' title='bbox 1086 475 1180 538; x_wconf 82' lang='lat' dir='ltr'><strong><em>Editt.</em></strong></span> <span class='ocrx_word' id='word_1_42' title='bbox 1198 497 1243 536; x_wconf 52' lang='lat' dir='ltr'><strong><em>‘ex</em></strong></span> <span class='ocrx_word' id='word_1_43' title='bbox 1266 495 1303 536; x_wconf 92' lang='lat' dir='ltr'><strong><em>ea</em></strong></span> <span class='ocrx_word' id='word_1_44' title='bbox 1324 478 1442 537; x_wconf 77' lang='lat' dir='ltr'><strong><em>secusia</em></strong></span> <span class='ocrx_word' id='word_1_45' title='bbox 1463 476 1591 557; x_wconf 85' lang='lat' dir='ltr'><strong><em>legitur,</em></strong></span> <span class='ocrx_word' id='word_1_46' title='bbox 1625 477 1683 536; x_wconf 90' lang='lat' dir='ltr'><strong><em>sed</em></strong></span> <span class='ocrx_word' id='word_1_47' title='bbox 1706 475 1807 558; x_wconf 84' lang='lat' dir='ltr'><strong><em>qualis</em></strong></span> <span class='ocrx_word' id='word_1_48' title='bbox 1831 478 1860 538; x_wconf 91' lang='lat' dir='ltr'><strong><em>iu</em></strong></span> <span class='ocrx_word' id='word_1_49' title='bbox 1885 476 1944 540; x_wconf 83' lang='lat' dir='ltr'><strong><em>Ed.</em></strong></span> <span class='ocrx_word' id='word_1_50' title='bbox 1964 479 2002 538; x_wconf 91' lang='lat' dir='ltr'><strong><em>ab</em></strong></span> <span class='ocrx_word' id='word_1_51' title='bbox 2026 485 2148 539; x_wconf 87' lang='lat' dir='ltr'><strong><em>auctore</em></strong></span> <span class='ocrx_word' id='word_1_52' title='bbox 2170 497 2215 538; x_wconf 87' lang='lat' dir='ltr'><strong><em>re·</em></strong></span> 
     </span>
     <span class='ocr_line' id='line_1_4' title="bbox 206 558 2194 645; baseline -0.001 -21"><span class='ocrx_word' id='word_1_53' title='bbox 206 558 327 644; x_wconf 84' lang='lat' dir='ltr'><strong><em>cognita</em></strong></span> <span class='ocrx_word' id='word_1_54' title='bbox 349 565 417 626; x_wconf 88' lang='lat' dir='ltr'><strong><em>anni</em></strong></span> <span class='ocrx_word' id='word_1_55' title='bbox 444 567 534 626; x_wconf 75' lang='lat'><strong><em>1522.</em></strong></span> <span class='ocrx_word' id='word_1_56' title='bbox 558 571 589 625; x_wconf 89' lang='lat' dir='ltr'><strong><em>et</em></strong></span> <span class='ocrx_word' id='word_1_57' title='bbox 605 561 700 624; x_wconf 85' lang='lat' dir='ltr'><strong><em>Editt.</em></strong></span> <span class='ocrx_word' id='word_1_58' title='bbox 725 582 763 622; x_wconf 85' lang='lat' dir='ltr'><strong><em>ex</em></strong></span> <span class='ocrx_word' id='word_1_59' title='bbox 784 561 843 624; x_wconf 88' lang='lat' dir='ltr'><strong><em>hac</em></strong></span> <span class='ocrx_word' id='word_1_60' title='bbox 865 564 1002 645; x_wconf 87' lang='lat' dir='ltr'><strong><em>repetitis</em></strong></span> <span class='ocrx_word' id='word_1_61' title='bbox 1026 562 1196 634; x_wconf 76' lang='lat' dir='ltr'>exhibetur,</span> <span class='ocrx_word' id='word_1_62' title='bbox 1219 561 1327 624; x_wconf 81' lang='lat' dir='ltr'>reddit.</span> <span class='ocrx_word' id='word_1_63' title='bbox 2190 595 2194 603; x_wconf 89' lang='lat'>·</span> 
     </span>
    </p>
   </div>
   <div class='ocr_carea' id='block_1_3' title="bbox 207 841 2217 1058">
    <p class='ocr_par' dir='ltr' id='par_1_3' title="bbox 207 841 2217 1058">
     <span class='ocr_line' id='line_1_5' title="bbox 397 841 2216 970; baseline -0.001 -19"><span class='ocrx_word' id='word_1_64' title='bbox 397 889 461 956; x_wconf 78' lang='lat' dir='ltr'><strong><em>,De</em></strong></span> <span class='ocrx_word' id='word_1_65' title='bbox 483 889 542 950; x_wconf 88' lang='lat' dir='ltr'><strong><em>bac</em></strong></span> <span class='ocrx_word' id='word_1_66' title='bbox 564 841 809 970; x_wconf 82' lang='lat' dir='ltr'><strong><em>interpretatione</em></strong></span> <span class='ocrx_word' id='word_1_67' title='bbox 829 908 884 967; x_wconf 88' lang='lat' dir='ltr'><strong><em>per</em></strong></span> <span class='ocrx_word' id='word_1_68' title='bbox 905 885 1029 967; x_wconf 83' lang='lat' dir='ltr'><strong><em>longum</em></strong></span> <span class='ocrx_word' id='word_1_69' title='bbox 1051 889 1198 968; x_wconf 88' lang='lat' dir='ltr'><strong><em>temporis</em></strong></span> <span class='ocrx_word' id='word_1_70' title='bbox 1221 888 1353 966; x_wconf 87' lang='lat' dir='ltr'><strong><em>spatium</em></strong></span> <span class='ocrx_word' id='word_1_71' title='bbox 1371 885 1446 946; x_wconf 89' lang='lat' dir='ltr'><strong><em>nibil</em></strong></span> <span class='ocrx_word' id='word_1_72' title='bbox 1469 887 1693 956; x_wconf 72' lang='lat' dir='ltr'><strong><em>innotuit,=nisi</em></strong></span> <span class='ocrx_word' id='word_1_73' title='bbox 1715 886 1797 965; x_wconf 87' lang='lat' dir='ltr'><strong><em>quod</em></strong></span> <span class='ocrx_word' id='word_1_74' title='bbox 1820 889 1848 948; x_wconf 91' lang='lat' dir='ltr'><strong><em>in</em></strong></span> <span class='ocrx_word' id='word_1_75' title='bbox 1872 887 2087 968; x_wconf 80' lang='lat' dir='ltr'><strong><em>Scaliperanis</em></strong></span> <span class='ocrx_word' id='word_1_76' title='bbox 2109 909 2216 950; x_wconf 87' lang='lat' dir='ltr'><strong><em>secun·</em></strong></span> 
     </span>
     <span class='ocr_line' id='line_1_6' title="bbox 207 971 2217 1058; baseline -0.002 -17"><span class='ocrx_word' id='word_1_77' title='bbox 207 979 255 1041; x_wconf 81' lang='lat' dir='ltr'><strong><em>dis</em></strong></span> <span class='ocrx_word' id='word_1_78' title='bbox 278 977 462 1058; x_wconf 72' lang='lat' dir='ltr'><strong><em>*)relertur,</em></strong></span> <span class='ocrx_word' id='word_1_79' title='bbox 497 977 549 1036; x_wconf 91' lang='lat' dir='ltr'><strong><em>ubi</em></strong></span> <span class='ocrx_word' id='word_1_80' title='bbox 572 976 601 1034; x_wconf 92' lang='lat' dir='ltr'><strong><em>in</em></strong></span> <span class='ocrx_word' id='word_1_81' title='bbox 620 973 747 1036; x_wconf 89' lang='lat' dir='ltr'><strong><em>articulo</em></strong></span> <span class='ocrx_word' id='word_1_82' title='bbox 770 973 856 1036; x_wconf 87' lang='lat' dir='ltr'><strong><em>Rota</em></strong></span> <span class='ocrx_word' id='word_1_83' title='bbox 874 975 1018 1054; x_wconf 89' lang='lat' dir='ltr'><strong><em>inscripto</em></strong></span> <span class='ocrx_word' id='word_1_84' title='bbox 1040 974 1120 1034; x_wconf 88' lang='lat' dir='ltr'><strong><em>baec</em></strong></span> <span class='ocrx_word' id='word_1_85' title='bbox 1141 973 1299 1051; x_wconf 84' lang='lat' dir='ltr'><strong><em>leguntur:</em></strong></span> <span class='ocrx_word' id='word_1_86' title='bbox 1323 972 1581 1042; x_wconf 87' lang='lat' dir='ltr'><strong><em>„Parlamentum</em></strong></span> <span class='ocrx_word' id='word_1_87' title='bbox 1601 971 1714 1052; x_wconf 83' lang='lat' dir='ltr'><strong><em>Papae</em></strong></span> <span class='ocrx_word' id='word_1_88' title='bbox 1735 981 1865 1034; x_wconf 81' lang='lat' dir='ltr'><strong><em>vocatur</em></strong></span> <span class='ocrx_word' id='word_1_89' title='bbox 1883 973 1978 1036; x_wconf 80' lang='lat' dir='ltr'><strong><em>Rata.</em></strong></span> <span class='ocrx_word' id='word_1_90' title='bbox 2023 975 2126 1035; x_wconf 87' lang='lat' dir='ltr'><strong><em>Huius</em></strong></span> <span class='ocrx_word' id='word_1_91' title='bbox 2147 982 2217 1036; x_wconf 90' lang='lat' dir='ltr'><strong><em>erat</em></strong></span> 
     </span>
    </p>
   </div>
   <div class='ocr_carea' id='block_1_4' title="bbox 207 1057 2341 1143">
    <p class='ocr_par' dir='ltr' id='par_1_4' title="bbox 207 1057 2341 1143">
     <span class='ocr_line' id='line_1_7' title="bbox 207 1057 2341 1143; baseline -0.005 -17"><span class='ocrx_word' id='word_1_92' title='bbox 207 1064 435 1135; x_wconf 83' lang='lat' dir='ltr'><strong><em>Consiliorius,</em></strong></span> <span class='ocrx_word' id='word_1_93' title='bbox 458 1063 512 1143; x_wconf 82' lang='lat' dir='ltr'><strong><em>qui</em></strong></span> <span class='ocrx_word' id='word_1_94' title='bbox 524 1081 614 1122; x_wconf 81' lang='lat' dir='ltr'><strong><em>manc</em></strong></span> <span class='ocrx_word' id='word_1_95' title='bbox 631 1067 678 1120; x_wconf 85' lang='lat' dir='ltr'><strong><em>est</em></strong></span> <span class='ocrx_word' id='word_1_96' title='bbox 701 1059 902 1130; x_wconf 72' lang='lat' dir='ltr'><strong><em>Carmaniis,</em></strong></span> <span class='ocrx_word' id='word_1_97' title='bbox 935 1063 983 1120; x_wconf 83' lang='lat' dir='ltr'><strong><em>eir</em></strong></span> <span class='ocrx_word' id='word_1_98' title='bbox 1008 1059 1120 1130; x_wconf 89' lang='lat' dir='ltr'><strong><em>bonus,</em></strong></span> <span class='ocrx_word' id='word_1_99' title='bbox 1154 1060 1340 1138; x_wconf 82' lang='lat' dir='ltr'><strong><em>Monsipnor</em></strong></span> <span class='ocrx_word' id='word_1_100' title='bbox 1357 1057 1547 1136; x_wconf 77' lang='lat' dir='ltr'><strong><em>Seraphino,</em></strong></span> <span class='ocrx_word' id='word_1_101' title='bbox 1566 1061 1621 1138; x_wconf 84' lang='lat' dir='ltr'><strong><em>qui</em></strong></span> <span class='ocrx_word' id='word_1_102' title='bbox 1638 1058 1726 1120; x_wconf 77' lang='lat' dir='ltr'><strong><em>disis</em></strong></span> <span class='ocrx_word' id='word_1_103' title='bbox 1743 1059 1818 1120; x_wconf 87' lang='lat' dir='ltr'><strong><em>mibi</em></strong></span> <span class='ocrx_word' id='word_1_104' title='bbox 1841 1061 1924 1139; x_wconf 88' lang='lat' dir='ltr'><strong><em>[scil.</em></strong></span> <span class='ocrx_word' id='word_1_105' title='bbox 1948 1061 2137 1140; x_wconf 81' lang='lat' dir='ltr'><strong><em>Scaligero]:</em></strong></span> <span class='ocrx_word' id='word_1_106' title='bbox 2159 1081 2217 1122; x_wconf 85' lang='lat' dir='ltr'><strong><em>nos</em></strong></span> <span class='ocrx_word' id='word_1_107' title='bbox 2253 1081 2257 1090; x_wconf 89' lang='lat'><em>·</em></span> <span class='ocrx_word' id='word_1_108' title='bbox 2282 1115 2287 1120; x_wconf 85' lang='lat'><strong><em>.</em></strong></span> <span class='ocrx_word' id='word_1_109' title='bbox 2336 1109 2341 1116; x_wconf 96' lang='lat'><strong><em>.</em></strong></span> 
     </span>
    </p>
   </div>
   <div class='ocr_carea' id='block_1_5' title="bbox 204 1141 2215 1226">
    <p class='ocr_par' dir='ltr' id='par_1_5' title="bbox 204 1141 2215 1226">
     <span class='ocr_line' id='line_1_8' title="bbox 204 1141 2215 1226; baseline -0.002 -14"><span class='ocrx_word' id='word_1_110' title='bbox 204 1149 364 1212; x_wconf 86' lang='lat' dir='ltr'><strong><em>babuimus</em></strong></span> <span class='ocrx_word' id='word_1_111' title='bbox 385 1147 481 1209; x_wconf 86' lang='lat' dir='ltr'><strong><em>bodie</em></strong></span> <span class='ocrx_word' id='word_1_112' title='bbox 499 1147 583 1208; x_wconf 89' lang='lat' dir='ltr'><strong><em>litem</em></strong></span> <span class='ocrx_word' id='word_1_113' title='bbox 600 1149 751 1206; x_wconf 77' lang='lat' dir='ltr'><strong><em>iocosam:</em></strong></span> <span class='ocrx_word' id='word_1_114' title='bbox 775 1147 919 1226; x_wconf 77' lang='lat' dir='ltr'><strong><em>impressi</em></strong></span> <span class='ocrx_word' id='word_1_115' title='bbox 940 1154 1029 1206; x_wconf 84' lang='lat' dir='ltr'><strong><em>erunt</em></strong></span> <span class='ocrx_word' id='word_1_116' title='bbox 1050 1141 1134 1206; x_wconf 84' lang='lat' dir='ltr'><strong><em>Loci</em></strong></span> <span class='ocrx_word' id='word_1_117' title='bbox 1155 1165 1324 1204; x_wconf 76' lang='lat' dir='ltr'><strong><em>comunes</em></strong></span> <span class='ocrx_word' id='word_1_118' title='bbox 1346 1143 1493 1224; x_wconf 87' lang='lat' dir='ltr'><strong><em>Pbiiippi</em></strong></span> <span class='ocrx_word' id='word_1_119' title='bbox 1503 1143 1751 1206; x_wconf 86' lang='lat' dir='ltr'><strong><em>Melancbtbom&#39;s</em></strong></span> <span class='ocrx_word' id='word_1_120' title='bbox 1779 1143 1915 1206; x_wconf 84' lang='lat' dir='ltr'><strong><em>Venetiis</em></strong></span> <span class='ocrx_word' id='word_1_121' title='bbox 1936 1167 2003 1208; x_wconf 82' lang='lat' dir='ltr'><strong><em>crau</em></strong></span> <span class='ocrx_word' id='word_1_122' title='bbox 2024 1146 2085 1207; x_wconf 88' lang='lat' dir='ltr'><strong><em>boc</em></strong></span> <span class='ocrx_word' id='word_1_123' title='bbox 2107 1146 2215 1208; x_wconf 79' lang='lat' dir='ltr'><strong><em>titulo:</em></strong></span> 
     </span>
    </p>
   </div>
   <div class='ocr_carea' id='block_1_6' title="bbox 203 1226 2330 1402">
    <p class='ocr_par' dir='ltr' id='par_1_6' title="bbox 203 1226 2330 1402">
     <span class='ocr_line' id='line_1_9' title="bbox 203 1226 2314 1317; baseline 0 -21"><span class='ocrx_word' id='word_1_124' title='bbox 203 1249 263 1317; x_wconf 84' lang='lat' dir='ltr'><strong><em>per</em></strong></span> <span class='ocrx_word' id='word_1_125' title='bbox 284 1236 404 1296; x_wconf 80' lang='lat' dir='ltr'><strong><em>Messes</em></strong></span> <span class='ocrx_word' id='word_1_126' title='bbox 424 1233 577 1314; x_wconf 84' lang='lat' dir='ltr'><strong><em>Pbilippo</em></strong></span> <span class='ocrx_word' id='word_1_127' title='bbox 600 1232 637 1292; x_wconf 85' lang='lat' dir='ltr'><strong><em>di</em></strong></span> <span class='ocrx_word' id='word_1_128' title='bbox 663 1231 759 1292; x_wconf 72' lang='lat' dir='ltr'><strong><em>Terra</em></strong></span> <span class='ocrx_word' id='word_1_129' title='bbox 791 1252 877 1292; x_wconf 88' lang='lat' dir='ltr'><strong><em>nera.</em></strong></span> <span class='ocrx_word' id='word_1_130' title='bbox 922 1229 966 1292; x_wconf 85' lang='lat' dir='ltr'><strong><em>Et</em></strong></span> <span class='ocrx_word' id='word_1_131' title='bbox 995 1231 1046 1290; x_wconf 85' lang='lat' dir='ltr'><strong><em>illi</em></strong></span> <span class='ocrx_word' id='word_1_132' title='bbox 1067 1231 1149 1292; x_wconf 83' lang='lat' dir='ltr'><strong><em>Loci</em></strong></span> <span class='ocrx_word' id='word_1_133' title='bbox 1171 1249 1341 1301; x_wconf 82' lang='lat' dir='ltr'><strong><em>communes</em></strong></span> <span class='ocrx_word' id='word_1_134' title='bbox 1357 1233 1445 1290; x_wconf 87' lang='lat' dir='ltr'><strong><em>missi</em></strong></span> <span class='ocrx_word' id='word_1_135' title='bbox 1462 1226 1592 1290; x_wconf 81' lang='lat' dir='ltr'><strong><em>Roaiam</em></strong></span> <span class='ocrx_word' id='word_1_136' title='bbox 1608 1252 1669 1310; x_wconf 86' lang='lat' dir='ltr'><strong><em>per</em></strong></span> <span class='ocrx_word' id='word_1_137' title='bbox 1691 1251 1801 1292; x_wconf 88' lang='lat' dir='ltr'><strong><em>annum</em></strong></span> <span class='ocrx_word' id='word_1_138' title='bbox 1819 1234 1972 1312; x_wconf 75' lang='lat' dir='ltr'><strong><em>inteprum</em></strong></span> <span class='ocrx_word' id='word_1_139' title='bbox 1990 1233 2164 1294; x_wconf 78' lang='lat' dir='ltr'><strong><em>emebantur</em></strong></span> <span class='ocrx_word' id='word_1_140' title='bbox 2187 1241 2218 1296; x_wconf 89' lang='lat' dir='ltr'><strong><em>et</em></strong></span> <span class='ocrx_word' id='word_1_141' title='bbox 2264 1302 2268 1314; x_wconf 35' lang='lat'><strong>¹</strong></span> <span class='ocrx_word' id='word_1_142' title='bbox 2310 1263 2314 1272; x_wconf 96' lang='lat'>·</span> 
     </span>
     <span class='ocr_line' id='line_1_10' title="bbox 206 1316 2330 1402; baseline -0.001 -20"><span class='ocrx_word' id='word_1_143' title='bbox 206 1321 387 1402; x_wconf 80' lang='lat' dir='ltr'><strong><em>tepebantur</em></strong></span> <span class='ocrx_word' id='word_1_144' title='bbox 405 1335 473 1382; x_wconf 75' lang='lat' dir='ltr'><strong><em>mens·</em></strong></span> <span class='ocrx_word' id='word_1_145' title='bbox 493 1322 630 1380; x_wconf 72' lang='lat' dir='ltr'><strong><em>marimo</em></strong></span> <span class='ocrx_word' id='word_1_146' title='bbox 653 1317 818 1398; x_wconf 76' lang='lat' dir='ltr'><strong><em>applausu,</em></strong></span> <span class='ocrx_word' id='word_1_147' title='bbox 842 1325 872 1378; x_wconf 88' lang='lat' dir='ltr'><strong><em>et</em></strong></span> <span class='ocrx_word' id='word_1_148' title='bbox 894 1321 955 1378; x_wconf 88' lang='lat' dir='ltr'><strong><em>iam</em></strong></span> <span class='ocrx_word' id='word_1_149' title='bbox 973 1339 1034 1378; x_wconf 87' lang='lat' dir='ltr'><strong><em>non</em></strong></span> <span class='ocrx_word' id='word_1_150' title='bbox 1057 1316 1191 1398; x_wconf 73' lang='lat' dir='ltr'><strong><em>anplius</em></strong></span> <span class='ocrx_word' id='word_1_151' title='bbox 1211 1316 1453 1396; x_wconf 81' lang='lat' dir='ltr'><strong><em>reperiebantur,</em></strong></span> <span class='ocrx_word' id='word_1_152' title='bbox 1486 1319 1535 1376; x_wconf 88' lang='lat' dir='ltr'><strong><em>ita</em></strong></span> <span class='ocrx_word' id='word_1_153' title='bbox 1556 1324 1591 1378; x_wconf 88' lang='lat' dir='ltr'><strong><em>ut</em></strong></span> <span class='ocrx_word' id='word_1_154' title='bbox 1609 1320 1784 1397; x_wconf 77' lang='lat' dir='ltr'><strong><em>oportuerit</em></strong></span> <span class='ocrx_word' id='word_1_155' title='bbox 1812 1320 1922 1380; x_wconf 83' lang='lat' dir='ltr'><strong><em>iterum</em></strong></span> <span class='ocrx_word' id='word_1_156' title='bbox 1935 1325 2042 1398; x_wconf 87' lang='lat' dir='ltr'><strong><em>petere</em></strong></span> <span class='ocrx_word' id='word_1_157' title='bbox 2071 1319 2215 1380; x_wconf 75' lang='lat' dir='ltr'><strong><em>Veneriis.</em></strong></span> <span class='ocrx_word' id='word_1_158' title='bbox 2322 1359 2330 1366; x_wconf 97' lang='lat'>-</span> 
     </span>
    </p>
   </div>
   <div class='ocr_carea' id='block_1_7' title="bbox 148 1401 2217 2002">
    <p class='ocr_par' dir='ltr' id='par_1_7' title="bbox 148 1401 2217 2002">
     <span class='ocr_line' id='line_1_11' title="bbox 210 1401 2216 1484; baseline -0 -17"><span class='ocrx_word' id='word_1_159' title='bbox 210 1405 346 1468; x_wconf 77' lang='lat' dir='ltr'><strong><em>Tandem</em></strong></span> <span class='ocrx_word' id='word_1_160' title='bbox 362 1407 597 1469; x_wconf 85' lang='lat' dir='ltr'><strong><em>Franciscanus</em></strong></span> <span class='ocrx_word' id='word_1_161' title='bbox 619 1405 745 1484; x_wconf 73' lang='lat' dir='ltr'><strong><em>quoidam</em></strong></span> <span class='ocrx_word' id='word_1_162' title='bbox 767 1407 898 1483; x_wconf 76' lang='lat' dir='ltr'><strong><em>aprincii</em></strong></span> <span class='ocrx_word' id='word_1_163' title='bbox 920 1403 1038 1474; x_wconf 77' lang='lat' dir='ltr'><strong><em>librtas,</em></strong></span> <span class='ocrx_word' id='word_1_164' title='bbox 1062 1412 1092 1465; x_wconf 87' lang='lat' dir='ltr'><strong><em>et</em></strong></span> <span class='ocrx_word' id='word_1_165' title='bbox 1115 1403 1211 1474; x_wconf 79' lang='lat' dir='ltr'><strong><em>dicit,</em></strong></span> <span class='ocrx_word' id='word_1_166' title='bbox 1234 1423 1266 1462; x_wconf 87' lang='lat' dir='ltr'><strong><em>se</em></strong></span> <span class='ocrx_word' id='word_1_167' title='bbox 1288 1401 1399 1463; x_wconf 87' lang='lat' dir='ltr'><strong><em>babere</em></strong></span> <span class='ocrx_word' id='word_1_168' title='bbox 1417 1402 1539 1462; x_wconf 89' lang='lat' dir='ltr'><strong><em>eosdem</em></strong></span> <span class='ocrx_word' id='word_1_169' title='bbox 1561 1401 1656 1474; x_wconf 80' lang='lat' dir='ltr'><strong><em>loom,</em></strong></span> <span class='ocrx_word' id='word_1_170' title='bbox 1690 1403 1887 1464; x_wconf 81' lang='lat' dir='ltr'><strong><em>Lutberonos</em></strong></span> <span class='ocrx_word' id='word_1_171' title='bbox 1904 1404 2152 1468; x_wconf 86' lang='lat' dir='ltr'><strong><em>Melancbtbonis</em></strong></span> <span class='ocrx_word' id='word_1_172' title='bbox 2174 1426 2216 1466; x_wconf 89' lang='lat' dir='ltr'><strong><em>es-</em></strong></span> 
     </span>
     <span class='ocr_line' id='line_1_12' title="bbox 205 1487 2217 1570; baseline -0.001 -15"><span class='ocrx_word' id='word_1_173' title='bbox 205 1514 248 1556; x_wconf 85' lang='lat' dir='ltr'><strong><em>se.</em></strong></span> <span class='ocrx_word' id='word_1_174' title='bbox 280 1491 432 1554; x_wconf 80' lang='lat' dir='ltr'><strong><em>Volabant</em></strong></span> <span class='ocrx_word' id='word_1_175' title='bbox 452 1491 600 1552; x_wconf 79' lang='lat' dir='ltr'><strong><em>mulctare</em></strong></span> <span class='ocrx_word' id='word_1_176' title='bbox 626 1487 877 1570; x_wconf 73' lang='lat' dir='ltr'><strong><em>Tppoprapburm</em></strong></span> <span class='ocrx_word' id='word_1_177' title='bbox 901 1488 955 1570; x_wconf 79' lang='lat' dir='ltr'><strong><em>qui</em></strong></span> <span class='ocrx_word' id='word_1_178' title='bbox 975 1509 1037 1552; x_wconf 83' lang='lat' dir='ltr'><strong><em>nou</em></strong></span> <span class='ocrx_word' id='word_1_179' title='bbox 1061 1489 1179 1570; x_wconf 79' lang='lat' dir='ltr'><strong><em>leperat</em></strong></span> <span class='ocrx_word' id='word_1_180' title='bbox 1198 1491 1345 1567; x_wconf 81' lang='lat' dir='ltr'><strong><em>sortasse.</em></strong></span> <span class='ocrx_word' id='word_1_181' title='bbox 1390 1487 1462 1568; x_wconf 89' lang='lat' dir='ltr'><strong><em>lpsi</em></strong></span> <span class='ocrx_word' id='word_1_182' title='bbox 1483 1495 1530 1548; x_wconf 89' lang='lat' dir='ltr'><strong><em>est</em></strong></span> <span class='ocrx_word' id='word_1_183' title='bbox 1551 1492 1721 1559; x_wconf 83' lang='lat' dir='ltr'><strong><em>resrrissean,</em></strong></span> <span class='ocrx_word' id='word_1_184' title='bbox 1741 1497 1771 1550; x_wconf 87' lang='lat' dir='ltr'><strong><em>ei</em></strong></span> <span class='ocrx_word' id='word_1_185' title='bbox 1793 1491 1984 1570; x_wconf 73' lang='lat' dir='ltr'><strong><em>exemplaria</em></strong></span> <span class='ocrx_word' id='word_1_186' title='bbox 2007 1491 2165 1552; x_wconf 69' lang='lat' dir='ltr'><strong><em>conduma</em></strong></span> <span class='ocrx_word' id='word_1_187' title='bbox 2186 1498 2217 1552; x_wconf 80' lang='lat' dir='ltr'><strong><em>es</em></strong></span> 
     </span>
     <span class='ocr_line' id='line_1_13' title="bbox 148 1573 2216 1660; baseline -0.002 -18"><span class='ocrx_word' id='word_1_188' title='bbox 148 1649 151 1654; x_wconf 58' lang='grc'><em>,</em></span> <span class='ocrx_word' id='word_1_189' title='bbox 205 1599 383 1660; x_wconf 76' lang='lat' dir='ltr'><strong><em>mppressa.</em></strong></span> <span class='ocrx_word' id='word_1_190' title='bbox 428 1577 482 1638; x_wconf 87' lang='lat' dir='ltr'><strong><em>Ita</em></strong></span> <span class='ocrx_word' id='word_1_191' title='bbox 506 1582 666 1656; x_wconf 87' lang='lat' dir='ltr'><strong><em>spectatur</em></strong></span> <span class='ocrx_word' id='word_1_192' title='bbox 694 1595 756 1634; x_wconf 85' lang='lat' dir='ltr'><strong><em>nors</em></strong></span> <span class='ocrx_word' id='word_1_193' title='bbox 784 1575 878 1655; x_wconf 86' lang='lat' dir='ltr'><strong><em>quid,</em></strong></span> <span class='ocrx_word' id='word_1_194' title='bbox 912 1575 969 1635; x_wconf 88' lang='lat' dir='ltr'><strong><em>sed</em></strong></span> <span class='ocrx_word' id='word_1_195' title='bbox 1001 1579 1072 1656; x_wconf 83' lang='lat' dir='ltr'><strong><em>quis</em></strong></span> <span class='ocrx_word' id='word_1_196' title='bbox 1104 1575 1289 1654; x_wconf 62' lang='lat' dir='ltr'><strong><em>dicatffl)</em></strong></span> <span class='ocrx_word' id='word_1_197' title='bbox 1334 1573 1423 1636; x_wconf 87' lang='lat' dir='ltr'><strong><em>Hunc</em></strong></span> <span class='ocrx_word' id='word_1_198' title='bbox 1454 1573 1555 1636; x_wconf 89' lang='lat' dir='ltr'><strong><em>locum</em></strong></span> <span class='ocrx_word' id='word_1_199' title='bbox 1578 1573 1801 1648; x_wconf 83' lang='lat' dir='ltr'><strong><em>Strobelius</em></strong></span> <span class='ocrx_word' id='word_1_200' title='bbox 1824 1577 1845 1640; x_wconf 89' lang='lat' dir='ltr'><strong><em>l.</em></strong></span> <span class='ocrx_word' id='word_1_201' title='bbox 1869 1577 1890 1636; x_wconf 95' lang='lat' dir='ltr'><strong><em>l.</em></strong></span> <span class='ocrx_word' id='word_1_202' title='bbox 1909 1598 1950 1658; x_wconf 92' lang='lat' dir='ltr'><strong><em>p.,</em></strong></span> <span class='ocrx_word' id='word_1_203' title='bbox 1976 1581 2035 1658; x_wconf 72' lang='lat'><strong><em>185</em></strong></span> <span class='ocrx_word' id='word_1_204' title='bbox 2060 1597 2117 1657; x_wconf 78' lang='lat' dir='ltr'><strong><em>sq..</em></strong></span> <span class='ocrx_word' id='word_1_205' title='bbox 2140 1574 2216 1638; x_wconf 92' lang='lat' dir='ltr'><strong><em>lob.</em></strong></span> 
     </span>
     <span class='ocr_line' id='line_1_14' title="bbox 205 1657 2215 1746; baseline -0.001 -19"><span class='ocrx_word' id='word_1_206' title='bbox 205 1665 310 1746; x_wconf 84' lang='lat' dir='ltr'><strong><em>Vogl</em></strong></span> <span class='ocrx_word' id='word_1_207' title='bbox 332 1667 361 1724; x_wconf 90' lang='lat' dir='ltr'><strong><em>in</em></strong></span> <span class='ocrx_word' id='word_1_208' title='bbox 386 1659 533 1742; x_wconf 72' lang='lat' dir='ltr'><strong><em>catalogo</em></strong></span> <span class='ocrx_word' id='word_1_209' title='bbox 554 1661 704 1724; x_wconf 77' lang='lat' dir='ltr'><strong><em>bist-crit.</em></strong></span> <span class='ocrx_word' id='word_1_210' title='bbox 728 1659 871 1722; x_wconf 88' lang='lat' dir='ltr'><strong><em>librorum</em></strong></span> <span class='ocrx_word' id='word_1_211' title='bbox 900 1663 1043 1722; x_wconf 90' lang='lat' dir='ltr'><strong><em>rariorum</em></strong></span> <span class='ocrx_word' id='word_1_212' title='bbox 1066 1661 1124 1724; x_wconf 87' lang='lat' dir='ltr'><strong><em>Ed.</em></strong></span> <span class='ocrx_word' id='word_1_213' title='bbox 1149 1667 1177 1722; x_wconf 88' lang='lat'><strong><em>3.</em></strong></span> <span class='ocrx_word' id='word_1_214' title='bbox 1201 1661 1380 1741; x_wconf 87' lang='lat' dir='ltr'><strong><em>(Hamburgi</em></strong></span> <span class='ocrx_word' id='word_1_215' title='bbox 1407 1665 1498 1724; x_wconf 82' lang='lat'><strong><em>1747.</em></strong></span> <span class='ocrx_word' id='word_1_216' title='bbox 1523 1665 1569 1738; x_wconf 87' lang='grc'><strong><em>8.)</em></strong></span> <span class='ocrx_word' id='word_1_217' title='bbox 1602 1683 1631 1742; x_wconf 88' lang='lat' dir='ltr'><strong><em>p.</em></strong></span> <span class='ocrx_word' id='word_1_218' title='bbox 1657 1665 1741 1734; x_wconf 75' lang='lat'><strong><em>452,</em></strong></span> <span class='ocrx_word' id='word_1_219' title='bbox 1764 1657 1836 1724; x_wconf 88' lang='lat' dir='ltr'><strong><em>lac.</em></strong></span> <span class='ocrx_word' id='word_1_220' title='bbox 1860 1661 2079 1724; x_wconf 75' lang='lat' dir='ltr'><strong><em>Brucberus</em></strong></span> <span class='ocrx_word' id='word_1_221' title='bbox 2102 1665 2132 1724; x_wconf 83' lang='lat' dir='ltr'><strong><em>ib</em></strong></span> <span class='ocrx_word' id='word_1_222' title='bbox 2155 1664 2215 1724; x_wconf 88' lang='lat' dir='ltr'><strong><em>dis·</em></strong></span> 
     </span>
     <span class='ocr_line' id='line_1_15' title="bbox 171 1739 2215 1830; baseline -0 -17"><span class='ocrx_word' id='word_1_223' title='bbox 171 1771 174 1785; x_wconf 89' lang='lat'>·</span> <span class='ocrx_word' id='word_1_224' title='bbox 205 1759 278 1814; x_wconf 80' lang='lat' dir='ltr'><strong><em>sert.</em></strong></span> <span class='ocrx_word' id='word_1_225' title='bbox 303 1749 385 1810; x_wconf 88' lang='lat' dir='ltr'><strong><em>illico</em></strong></span> <span class='ocrx_word' id='word_1_226' title='bbox 408 1747 567 1818; x_wconf 87' lang='lat' dir='ltr'><strong><em>laudanda,</em></strong></span> <span class='ocrx_word' id='word_1_227' title='bbox 591 1747 705 1828; x_wconf 87' lang='lat' dir='ltr'><strong><em>aliique</em></strong></span> <span class='ocrx_word' id='word_1_228' title='bbox 723 1747 858 1808; x_wconf 78' lang='lat' dir='ltr'><strong><em>aberunt.</em></strong></span> <span class='ocrx_word' id='word_1_229' title='bbox 902 1739 1209 1820; x_wconf 80' lang='lat' dir='ltr'><strong><em>Schelbornius‚</em></strong></span> <span class='ocrx_word' id='word_1_230' title='bbox 1244 1750 1294 1828; x_wconf 90' lang='lat' dir='ltr'><strong><em>qui</em></strong></span> <span class='ocrx_word' id='word_1_231' title='bbox 1312 1741 1437 1807; x_wconf 71' lang='lat' dir='ltr'><strong><em>&#39;eadem</em></strong></span> <span class='ocrx_word' id='word_1_232' title='bbox 1465 1745 1535 1807; x_wconf 76' lang='lat' dir='ltr'><strong><em>&#39;lere</em></strong></span> <span class='ocrx_word' id='word_1_233' title='bbox 1568 1749 1596 1806; x_wconf 87' lang='lat' dir='ltr'><strong><em>in</em></strong></span> <span class='ocrx_word' id='word_1_234' title='bbox 1620 1749 1816 1810; x_wconf 86' lang='lat' dir='ltr'><strong><em>Amoenitatt.</em></strong></span> <span class='ocrx_word' id='word_1_235' title='bbox 1852 1750 1960 1812; x_wconf 83' lang='lat' dir='ltr'><strong><em>literar.</em></strong></span> <span class='ocrx_word' id='word_1_236' title='bbox 1983 1749 2070 1810; x_wconf 87' lang='lat' dir='ltr'><strong><em>Tam.</em></strong></span> <span class='ocrx_word' id='word_1_237' title='bbox 2094 1747 2163 1810; x_wconf 88' lang='lat' dir='ltr'><strong><em>Vll.</em></strong></span> <span class='ocrx_word' id='word_1_238' title='bbox 2186 1771 2215 1830; x_wconf 86' lang='lat' dir='ltr'><strong><em>p.</em></strong></span> 
     </span>
     <span class='ocr_line' id='line_1_16' title="bbox 207 1831 2217 1920; baseline -0.001 -21"><span class='ocrx_word' id='word_1_239' title='bbox 207 1841 278 1900; x_wconf 88' lang='grc'><strong>109.</strong></span> <span class='ocrx_word' id='word_1_240' title='bbox 304 1857 342 1896; x_wconf 86' lang='lat' dir='ltr'><strong><em>ex</em></strong></span> <span class='ocrx_word' id='word_1_241' title='bbox 364 1835 419 1896; x_wconf 90' lang='lat' dir='ltr'><strong><em>illo</em></strong></span> <span class='ocrx_word' id='word_1_242' title='bbox 442 1835 510 1894; x_wconf 90' lang='lat' dir='ltr'><strong><em>loco</em></strong></span> <span class='ocrx_word' id='word_1_243' title='bbox 533 1832 631 1902; x_wconf 81' lang='lat' dir='ltr'><strong><em>refert,</em></strong></span> <span class='ocrx_word' id='word_1_244' title='bbox 655 1831 771 1896; x_wconf 82' lang='lat' dir='ltr'><strong><em>haecce</em></strong></span> <span class='ocrx_word' id='word_1_245' title='bbox 793 1833 891 1894; x_wconf 83' lang='lat' dir='ltr'><strong><em>addit:</em></strong></span> <span class='ocrx_word' id='word_1_246' title='bbox 913 1833 1073 1894; x_wconf 87' lang='lat' dir='ltr'><strong><em>Neminem</em></strong></span> <span class='ocrx_word' id='word_1_247' title='bbox 1096 1855 1168 1894; x_wconf 90' lang='lat' dir='ltr'><strong><em>vero</em></strong></span> <span class='ocrx_word' id='word_1_248' title='bbox 1186 1835 1267 1905; x_wconf 88' lang='lat' dir='ltr'><strong><em>novi,</em></strong></span> <span class='ocrx_word' id='word_1_249' title='bbox 1283 1835 1342 1920; x_wconf 86' lang='lat' dir='ltr'><strong><em>¹qui</em></strong></span> <span class='ocrx_word' id='word_1_250' title='bbox 1367 1854 1436 1894; x_wconf 91' lang='lat' dir='ltr'><strong><em>eum</em></strong></span> <span class='ocrx_word' id='word_1_251' title='bbox 1467 1832 1587 1904; x_wconf 90' lang='lat' dir='ltr'><strong><em>librum,</em></strong></span> <span class='ocrx_word' id='word_1_252' title='bbox 1621 1834 1705 1896; x_wconf 87' lang='lat' dir='ltr'><strong><em>istud</em></strong></span> <span class='ocrx_word' id='word_1_253' title='bbox 1729 1836 1858 1895; x_wconf 88' lang='lat' dir='ltr'><strong><em>nominis</em></strong></span> <span class='ocrx_word' id='word_1_254' title='bbox 1878 1837 1906 1896; x_wconf 91' lang='lat' dir='ltr'><strong><em>in</em></strong></span> <span class='ocrx_word' id='word_1_255' title='bbox 1930 1835 2027 1898; x_wconf 81' lang='lat' dir='ltr'><strong><em>fronte</em></strong></span> <span class='ocrx_word' id='word_1_256' title='bbox 2050 1843 2217 1916; x_wconf 84' lang='lat' dir='ltr'><strong><em>gerentem,</em></strong></span> 
     </span>
     <span class='ocr_line' id='line_1_17' title="bbox 204 1917 2215 2002; baseline -0 -18"><span class='ocrx_word' id='word_1_257' title='bbox 204 1945 241 1986; x_wconf 91' lang='lat' dir='ltr'><strong><em>se</em></strong></span> <span class='ocrx_word' id='word_1_258' title='bbox 263 1942 396 2002; x_wconf 88' lang='lat' dir='ltr'><strong><em>uuquam</em></strong></span> <span class='ocrx_word' id='word_1_259' title='bbox 418 1920 535 1982; x_wconf 82' lang='lat' dir='ltr'><strong><em>vidisse</em></strong></span> <span class='ocrx_word' id='word_1_260' title='bbox 557 1919 717 2000; x_wconf 79' lang='lat' dir='ltr'><strong><em>professus</em></strong></span> <span class='ocrx_word' id='word_1_261' title='bbox 736 1918 856 1981; x_wconf 85' lang='lat' dir='ltr'><strong><em>fuerit.“</em></strong></span> <span class='ocrx_word' id='word_1_262' title='bbox 900 1917 978 1980; x_wconf 88' lang='lat' dir='ltr'><strong><em>Nam</em></strong></span> <span class='ocrx_word' id='word_1_263' title='bbox 1002 1926 1033 1982; x_wconf 90' lang='lat' dir='ltr'><strong><em>et</em></strong></span> <span class='ocrx_word' id='word_1_264' title='bbox 1056 1921 1126 2000; x_wconf 84' lang='lat' dir='ltr'><strong><em>ipse</em></strong></span> <span class='ocrx_word' id='word_1_265' title='bbox 1147 1919 1372 2000; x_wconf 68' lang='lat' dir='ltr'><strong><em>Scaliper&#39;non</em></strong></span> <span class='ocrx_word' id='word_1_266' title='bbox 1391 1940 1430 1980; x_wconf 88' lang='lat' dir='ltr'><strong><em>ex</em></strong></span> <span class='ocrx_word' id='word_1_267' title='bbox 1452 1921 1657 1998; x_wconf 81' lang='lat' dir='ltr'><strong><em>inspectione,</em></strong></span> <span class='ocrx_word' id='word_1_268' title='bbox 1681 1919 1738 1980; x_wconf 89' lang='lat' dir='ltr'><strong><em>sed</em></strong></span> <span class='ocrx_word' id='word_1_269' title='bbox 1756 1921 1901 1984; x_wconf 85' lang='lat' dir='ltr'><strong><em>relatione</em></strong></span> <span class='ocrx_word' id='word_1_270' title='bbox 1920 1923 2008 1982; x_wconf 88' lang='lat' dir='ltr'><strong><em>amici</em></strong></span> <span class='ocrx_word' id='word_1_271' title='bbox 2032 1943 2100 1982; x_wconf 91' lang='lat' dir='ltr'><strong><em>eum</em></strong></span> <span class='ocrx_word' id='word_1_272' title='bbox 2123 1924 2215 1984; x_wconf 87' lang='lat' dir='ltr'><strong><em>navit.</em></strong></span> 
     </span>
    </p>
   </div>
   <div class='ocr_carea' id='block_1_8' title="bbox 104 2003 2353 2175">
    <p class='ocr_par' dir='ltr' id='par_1_8' title="bbox 104 2003 2353 2175">
     <span class='ocr_line' id='line_1_18' title="bbox 176 2003 2353 2086; baseline -0 -17"><span class='ocrx_word' id='word_1_273' title='bbox 176 2019 180 2024; x_wconf 89' lang='lat'>&#39;</span> <span class='ocrx_word' id='word_1_274' title='bbox 204 2009 304 2083; x_wconf 84' lang='lat' dir='ltr'><strong><em>Quam</em></strong></span> <span class='ocrx_word' id='word_1_275' title='bbox 328 2009 367 2070; x_wconf 90' lang='lat' dir='ltr'><strong><em>ab</em></strong></span> <span class='ocrx_word' id='word_1_276' title='bbox 389 2028 453 2068; x_wconf 86' lang='lat' dir='ltr'><strong><em>rem</em></strong></span> <span class='ocrx_word' id='word_1_277' title='bbox 476 2004 598 2086; x_wconf 88' lang='lat' dir='ltr'><strong><em>quidam</em></strong></span> <span class='ocrx_word' id='word_1_278' title='bbox 621 2006 659 2066; x_wconf 92' lang='lat' dir='ltr'><strong><em>de</em></strong></span> <span class='ocrx_word' id='word_1_279' title='bbox 682 2006 845 2066; x_wconf 81' lang='lat' dir='ltr'><strong><em>existentia</em></strong></span> <span class='ocrx_word' id='word_1_280' title='bbox 863 2004 955 2066; x_wconf 85' lang='lat' dir='ltr'><strong><em>buius</em></strong></span> <span class='ocrx_word' id='word_1_281' title='bbox 983 2005 1052 2065; x_wconf 92' lang='lat' dir='ltr'><strong><em>libri</em></strong></span> <span class='ocrx_word' id='word_1_282' title='bbox 1080 2007 1255 2070; x_wconf 82' lang='lat' dir='ltr'><strong><em>dubitarunt</em></strong></span> <span class='ocrx_word' id='word_1_283' title='bbox 1277 2025 1406 2084; x_wconf 89' lang='lat' dir='ltr'><strong><em>cumque</em></strong></span> <span class='ocrx_word' id='word_1_284' title='bbox 1431 2007 1513 2066; x_wconf 91' lang='lat' dir='ltr'><strong><em>inter</em></strong></span> <span class='ocrx_word' id='word_1_285' title='bbox 1535 2007 1657 2068; x_wconf 86' lang='lat' dir='ltr'><strong><em>lictitios</em></strong></span> <span class='ocrx_word' id='word_1_286' title='bbox 1678 2003 1774 2066; x_wconf 88' lang='lat' dir='ltr'><strong><em>libros</em></strong></span> <span class='ocrx_word' id='word_1_287' title='bbox 1798 2015 1885 2068; x_wconf 90' lang='lat' dir='ltr'><strong><em>etex</em></strong></span> <span class='ocrx_word' id='word_1_288' title='bbox 1908 2029 2007 2068; x_wconf 93' lang='lat' dir='ltr'><strong><em>errore</em></strong></span> <span class='ocrx_word' id='word_1_289' title='bbox 2030 2015 2145 2070; x_wconf 90' lang='lat' dir='ltr'><strong><em>tantum</em></strong></span> <span class='ocrx_word' id='word_1_290' title='bbox 2168 2005 2234 2072; x_wconf 66' lang='lat' dir='ltr'><strong><em>vel,</em></strong></span> <span class='ocrx_word' id='word_1_291' title='bbox 2346 2016 2353 2030; x_wconf 94' lang='lat'>&#39;</span> 
     </span>
     <span class='ocr_line' id='line_1_19' title="bbox 104 2087 2216 2175; baseline 0 -19"><span class='ocrx_word' id='word_1_292' title='bbox 104 2127 109 2138; x_wconf 76' lang='lat'><strong><em>.</em></strong></span> <span class='ocrx_word' id='word_1_293' title='bbox 203 2093 308 2157; x_wconf 86' lang='lat' dir='ltr'><strong><em>fabula</em></strong></span> <span class='ocrx_word' id='word_1_294' title='bbox 341 2087 470 2175; x_wconf 79' lang='lat' dir='ltr'><strong><em>quadam</em></strong></span> <span class='ocrx_word' id='word_1_295' title='bbox 505 2099 613 2153; x_wconf 88' lang='lat' dir='ltr'><strong><em>enatos</em></strong></span> <span class='ocrx_word' id='word_1_296' title='bbox 635 2089 811 2154; x_wconf 89' lang='lat' dir='ltr'><strong><em>retulerunt.</em></strong></span> <span class='ocrx_word' id='word_1_297' title='bbox 857 2091 990 2162; x_wconf 75' lang='lat' dir='ltr'><strong><em>Primae,</em></strong></span> <span class='ocrx_word' id='word_1_298' title='bbox 1016 2093 1067 2170; x_wconf 89' lang='lat' dir='ltr'><strong><em>qui</em></strong></span> <span class='ocrx_word' id='word_1_299' title='bbox 1090 2113 1126 2152; x_wconf 87' lang='lat' dir='ltr'><strong><em>se</em></strong></span> <span class='ocrx_word' id='word_1_300' title='bbox 1149 2091 1228 2152; x_wconf 90' lang='lat' dir='ltr'><strong><em>bunc</em></strong></span> <span class='ocrx_word' id='word_1_301' title='bbox 1252 2091 1290 2150; x_wconf 86' lang='lat' dir='ltr'><strong><em>ad</em></strong></span> <span class='ocrx_word' id='word_1_302' title='bbox 1312 2111 1421 2151; x_wconf 85' lang='lat' dir='ltr'><strong><em>manus</em></strong></span> <span class='ocrx_word' id='word_1_303' title='bbox 1440 2091 1553 2151; x_wconf 89' lang='lat' dir='ltr'><strong><em>babere</em></strong></span> <span class='ocrx_word' id='word_1_304' title='bbox 1575 2092 1785 2171; x_wconf 83' lang='lat' dir='ltr'><strong><em>profitebatur,</em></strong></span> <span class='ocrx_word' id='word_1_305' title='bbox 1820 2107 1985 2173; x_wconf 85' lang='lat' dir='ltr'><strong><em>verumque</em></strong></span> <span class='ocrx_word' id='word_1_306' title='bbox 2005 2095 2073 2154; x_wconf 83' lang='lat' dir='ltr'><strong><em>eius</em></strong></span> <span class='ocrx_word' id='word_1_307' title='bbox 2095 2093 2216 2156; x_wconf 89' lang='lat' dir='ltr'><strong><em>titulum</em></strong></span> 
     </span>
    </p>
   </div>
   <div class='ocr_carea' id='block_1_9' title="bbox 203 2169 2313 2260">
    <p class='ocr_par' dir='ltr' id='par_1_9' title="bbox 203 2169 2313 2260">
     <span class='ocr_line' id='line_1_20' title="bbox 203 2169 2313 2260; baseline 0 -17"><span class='ocrx_word' id='word_1_308' title='bbox 203 2181 361 2256; x_wconf 79' lang='lat' dir='ltr'><strong><em>atterebat,</em></strong></span> <span class='ocrx_word' id='word_1_309' title='bbox 395 2179 451 2240; x_wconf 89' lang='lat' dir='ltr'><strong><em>init</em></strong></span> <span class='ocrx_word' id='word_1_310' title='bbox 473 2169 749 2256; x_wconf 69' lang='lat' dir='ltr'><strong><em>¹Chrisl.,Aug.</em></strong></span> <span class='ocrx_word' id='word_1_311' title='bbox 784 2175 961 2258; x_wconf 81' lang='lat' dir='ltr'><strong><em>Saligius</em></strong></span> <span class='ocrx_word' id='word_1_312' title='bbox 984 2179 1013 2236; x_wconf 90' lang='lat' dir='ltr'><strong><em>in</em></strong></span> <span class='ocrx_word' id='word_1_313' title='bbox 1036 2177 1129 2238; x_wconf 84' lang='lat' dir='ltr'><strong><em>libro:</em></strong></span> <span class='ocrx_word' id='word_1_314' title='bbox 1165 2179 1351 2256; x_wconf 64' lang='lat' dir='ltr'><strong><em>ffisddinbigs</em></strong></span> <span class='ocrx_word' id='word_1_315' title='bbox 1373 2179 1490 2252; x_wconf 73' lang='lat' dir='ltr'><strong><em>biliosis</em></strong></span> <span class='ocrx_word' id='word_1_316' title='bbox 1508 2185 1554 2240; x_wconf 83' lang='lat' dir='ltr'><strong><em>ber</em></strong></span> <span class='ocrx_word' id='word_1_317' title='bbox 1569 2179 1800 2256; x_wconf 18' lang='lat' dir='ltr'><strong><em>,diagrammata</em></strong></span> <span class='ocrx_word' id='word_1_318' title='bbox 1820 2181 1976 2258; x_wconf 66' lang='lat' dir='ltr'><strong><em>desistitur</em></strong></span> <span class='ocrx_word' id='word_1_319' title='bbox 1989 2177 2031 2246; x_wconf 84' lang='lat' dir='ltr'><strong><em>P.</em></strong></span> <span class='ocrx_word' id='word_1_320' title='bbox 2055 2177 2104 2249; x_wconf 91' lang='lat' dir='ltr'><strong><em>lll.</em></strong></span> <span class='ocrx_word' id='word_1_321' title='bbox 2123 2183 2216 2260; x_wconf 66' lang='lat' dir='ltr'><strong><em>(bobr</em></strong></span> <span class='ocrx_word' id='word_1_322' title='bbox 2307 2209 2313 2216; x_wconf 91' lang='lat'><em>·</em></span> 
     </span>
    </p>
   </div>
   <div class='ocr_carea' id='block_1_10' title="bbox 145 2261 2248 2686">
    <p class='ocr_par' dir='ltr' id='par_1_10' title="bbox 145 2261 2248 2686">
     <span class='ocr_line' id='line_1_21' title="bbox 207 2261 2215 2346; baseline -0.001 -17"><span class='ocrx_word' id='word_1_323' title='bbox 207 2271 297 2330; x_wconf 80' lang='lat'><strong><em>1735.</em></strong></span> <span class='ocrx_word' id='word_1_324' title='bbox 316 2269 358 2342; x_wconf 82' lang='grc'><strong><em>4.)</em></strong></span> <span class='ocrx_word' id='word_1_325' title='bbox 376 2285 404 2346; x_wconf 86' lang='lat' dir='ltr'><strong><em>p.</em></strong></span> <span class='ocrx_word' id='word_1_326' title='bbox 429 2267 500 2328; x_wconf 77' lang='lat'><strong><em>532.</em></strong></span> <span class='ocrx_word' id='word_1_327' title='bbox 524 2265 554 2324; x_wconf 89' lang='lat' dir='ltr'><strong><em>in</em></strong></span> <span class='ocrx_word' id='word_1_328' title='bbox 572 2269 720 2336; x_wconf 73' lang='lat' dir='ltr'><strong><em>annotat,</em></strong></span> <span class='ocrx_word' id='word_1_329' title='bbox 744 2265 899 2323; x_wconf 87' lang='lat' dir='ltr'><strong><em>invenerat</em></strong></span> <span class='ocrx_word' id='word_1_330' title='bbox 920 2264 1000 2322; x_wconf 92' lang='lat' dir='ltr'><strong><em>enim</em></strong></span> <span class='ocrx_word' id='word_1_331' title='bbox 1024 2265 1053 2322; x_wconf 91' lang='lat' dir='ltr'><strong><em>in</em></strong></span> <span class='ocrx_word' id='word_1_332' title='bbox 1076 2261 1262 2324; x_wconf 84' lang='lat' dir='ltr'><strong><em>bibliotheca</em></strong></span> <span class='ocrx_word' id='word_1_333' title='bbox 1279 2263 1365 2324; x_wconf 88' lang='lat' dir='ltr'><strong><em>libris</em></strong></span> <span class='ocrx_word' id='word_1_334' title='bbox 1388 2265 1463 2323; x_wconf 85' lang='lat' dir='ltr'><strong><em>raris</em></strong></span> <span class='ocrx_word' id='word_1_335' title='bbox 1487 2263 1637 2342; x_wconf 87' lang='lat' dir='ltr'><strong><em>ditissima</em></strong></span> <span class='ocrx_word' id='word_1_336' title='bbox 1656 2263 1756 2324; x_wconf 88' lang='lat' dir='ltr'><strong><em>ducali</em></strong></span> <span class='ocrx_word' id='word_1_337' title='bbox 1780 2263 2058 2346; x_wconf 78' lang='lat' dir='ltr'><strong><em>Guelpberbytnua</em></strong></span> <span class='ocrx_word' id='word_1_338' title='bbox 2082 2265 2215 2326; x_wconf 87' lang='lat' dir='ltr'><strong><em>Primum</em></strong></span> 
     </span>
     <span class='ocr_line' id='line_1_22' title="bbox 203 2342 2212 2432; baseline -0.001 -18"><span class='ocrx_word' id='word_1_339' title='bbox 203 2373 277 2414; x_wconf 83' lang='lat' dir='ltr'><strong><em>vero</em></strong></span> <span class='ocrx_word' id='word_1_340' title='bbox 310 2353 388 2413; x_wconf 90' lang='lat' dir='ltr'><strong><em>banc</em></strong></span> <span class='ocrx_word' id='word_1_341' title='bbox 421 2351 696 2432; x_wconf 86' lang='lat' dir='ltr'><strong><em>interpretationem</em></strong></span> <span class='ocrx_word' id='word_1_342' title='bbox 724 2349 895 2409; x_wconf 83' lang='lat' dir='ltr'><strong><em>accuratius</em></strong></span> <span class='ocrx_word' id='word_1_343' title='bbox 929 2349 1095 2429; x_wconf 83' lang='lat' dir='ltr'><strong><em>descripsit</em></strong></span> <span class='ocrx_word' id='word_1_344' title='bbox 1127 2345 1197 2413; x_wconf 88' lang='lat' dir='ltr'><strong><em>lac.</em></strong></span> <span class='ocrx_word' id='word_1_345' title='bbox 1222 2342 1438 2410; x_wconf 79' lang='lat' dir='ltr'><strong><em>Bruclrerus</em></strong></span> <span class='ocrx_word' id='word_1_346' title='bbox 1468 2351 1500 2410; x_wconf 88' lang='lat' dir='ltr'><strong><em>in</em></strong></span> <span class='ocrx_word' id='word_1_347' title='bbox 1517 2349 1730 2412; x_wconf 85' lang='lat' dir='ltr'><strong><em>Miscellaneis</em></strong></span> <span class='ocrx_word' id='word_1_348' title='bbox 1752 2352 1968 2432; x_wconf 86' lang='lat' dir='ltr'><strong><em>Lipsiensibus</em></strong></span> <span class='ocrx_word' id='word_1_349' title='bbox 1987 2344 2075 2413; x_wconf 76' lang='lat' dir='ltr'><strong><em>novis</em></strong></span> <span class='ocrx_word' id='word_1_350' title='bbox 2094 2349 2166 2415; x_wconf 81' lang='lat' dir='ltr'><strong><em>vol.</em></strong></span> <span class='ocrx_word' id='word_1_351' title='bbox 2190 2349 2212 2414; x_wconf 90' lang='lat' dir='ltr'><strong><em>l.</em></strong></span> 
     </span>
     <span class='ocr_line' id='line_1_23' title="bbox 203 2433 2215 2519; baseline 0 -21"><span class='ocrx_word' id='word_1_352' title='bbox 203 2439 306 2519; x_wconf 83' lang='lat' dir='ltr'><strong><em>(Lips.</em></strong></span> <span class='ocrx_word' id='word_1_353' title='bbox 334 2442 425 2498; x_wconf 79' lang='lat'><strong><em>1743.</em></strong></span> <span class='ocrx_word' id='word_1_354' title='bbox 450 2439 494 2508; x_wconf 91' lang='grc'><strong><em>8.)</em></strong></span> <span class='ocrx_word' id='word_1_355' title='bbox 511 2457 540 2514; x_wconf 88' lang='lat' dir='ltr'><strong><em>p.</em></strong></span> <span class='ocrx_word' id='word_1_356' title='bbox 566 2437 744 2502; x_wconf 77' lang='lat' dir='ltr'><strong><em>sas-643.</em></strong></span> <span class='ocrx_word' id='word_1_357' title='bbox 764 2435 980 2495; x_wconf 84' lang='lat' dir='ltr'><strong><em>dissertatione</em></strong></span> <span class='ocrx_word' id='word_1_358' title='bbox 999 2436 1046 2496; x_wconf 90' lang='lat' dir='ltr'><strong><em>sic</em></strong></span> <span class='ocrx_word' id='word_1_359' title='bbox 1068 2436 1228 2514; x_wconf 83' lang='lat' dir='ltr'><strong><em>inscripta:</em></strong></span> <span class='ocrx_word' id='word_1_360' title='bbox 1254 2435 1297 2507; x_wconf 91' lang='lat'><strong><em>„1</em></strong></span> <span class='ocrx_word' id='word_1_361' title='bbox 1301 2479 1309 2494; x_wconf 94' lang='lat'><strong><em>.</em></strong></span> <span class='ocrx_word' id='word_1_362' title='bbox 1332 2433 1375 2495; x_wconf 89' lang='lat' dir='ltr'><strong><em>B.</em></strong></span> <span class='ocrx_word' id='word_1_363' title='bbox 1399 2433 1526 2496; x_wconf 87' lang='lat' dir='ltr'><strong><em>Notitia</em></strong></span> <span class='ocrx_word' id='word_1_364' title='bbox 1550 2433 1623 2496; x_wconf 82' lang='lat' dir='ltr'><strong><em>libri</em></strong></span> <span class='ocrx_word' id='word_1_365' title='bbox 1644 2435 1736 2516; x_wconf 78' lang='lat' dir='ltr'><strong><em>lonpe</em></strong></span> <span class='ocrx_word' id='word_1_366' title='bbox 1757 2439 1927 2509; x_wconf 77' lang='lat' dir='ltr'><strong><em>rarissimi,</em></strong></span> <span class='ocrx_word' id='word_1_367' title='bbox 1952 2441 2215 2519; x_wconf 76' lang='lat' dir='ltr'><strong><em>paucissimisque</em></strong></span> 
     </span>
     <span class='ocr_line' id='line_1_24' title="bbox 203 2519 2248 2605; baseline 0.001 -21"><span class='ocrx_word' id='word_1_368' title='bbox 203 2526 274 2594; x_wconf 83' lang='lat' dir='ltr'><strong><em>nisi,</em></strong></span> <span class='ocrx_word' id='word_1_369' title='bbox 298 2521 446 2600; x_wconf 74' lang='lat' dir='ltr'><strong><em>Philippi</em></strong></span> <span class='ocrx_word' id='word_1_370' title='bbox 466 2519 718 2600; x_wconf 79' lang='lat' dir='ltr'><strong><em>Melancbibonis</em></strong></span> <span class='ocrx_word' id='word_1_371' title='bbox 735 2519 994 2601; x_wconf 74' lang='lat' dir='ltr'><strong><em>Hypotpposeon,</em></strong></span> <span class='ocrx_word' id='word_1_372' title='bbox 1018 2519 1130 2581; x_wconf 83' lang='lat' dir='ltr'><strong><em>italico</em></strong></span> <span class='ocrx_word' id='word_1_373' title='bbox 1152 2541 1290 2582; x_wconf 85' lang='lat' dir='ltr'><strong><em>sermone</em></strong></span> <span class='ocrx_word' id='word_1_374' title='bbox 1312 2521 1482 2591; x_wconf 78' lang='lat' dir='ltr'><strong><em>editamm3</em></strong></span> <span class='ocrx_word' id='word_1_375' title='bbox 1501 2523 1568 2604; x_wconf 85' lang='lat' dir='ltr'><strong><em>ipse</em></strong></span> <span class='ocrx_word' id='word_1_376' title='bbox 1586 2524 1665 2582; x_wconf 83' lang='lat' dir='ltr'><strong><em>euim</em></strong></span> <span class='ocrx_word' id='word_1_377' title='bbox 1688 2519 1824 2596; x_wconf 86' lang='lat' dir='ltr'><strong><em>alterum,</em></strong></span> <span class='ocrx_word' id='word_1_378' title='bbox 1848 2525 1929 2604; x_wconf 87' lang='lat' dir='ltr'><strong><em>quod</em></strong></span> <span class='ocrx_word' id='word_1_379' title='bbox 1952 2523 2112 2605; x_wconf 88' lang='lat' dir='ltr'><strong><em>hucusque</em></strong></span> <span class='ocrx_word' id='word_1_380' title='bbox 2130 2527 2216 2586; x_wconf 90' lang='lat' dir='ltr'><strong><em>inno·</em></strong></span> <span class='ocrx_word' id='word_1_381' title='bbox 2243 2570 2248 2579; x_wconf 84' lang='lat'><strong><em>.</em></strong></span> 
     </span>
     <span class='ocr_line' id='line_1_25' title="bbox 145 2605 869 2686; baseline -0.01 -13"><span class='ocrx_word' id='word_1_382' title='bbox 145 2626 150 2638; x_wconf 89' lang='lat'>&#39;</span> <span class='ocrx_word' id='word_1_383' title='bbox 203 2611 270 2678; x_wconf 77' lang='lat' dir='ltr'><strong><em>ult,</em></strong></span> <span class='ocrx_word' id='word_1_384' title='bbox 293 2607 385 2668; x_wconf 88' lang='lat' dir='ltr'><strong><em>buius</em></strong></span> <span class='ocrx_word' id='word_1_385' title='bbox 402 2609 468 2668; x_wconf 86' lang='lat' dir='ltr'><strong><em>libri</em></strong></span> <span class='ocrx_word' id='word_1_386' title='bbox 487 2605 657 2686; x_wconf 80' lang='lat' dir='ltr'><strong><em>exemplum</em></strong></span> <span class='ocrx_word' id='word_1_387' title='bbox 680 2605 869 2685; x_wconf 84' lang='lat' dir='ltr'><strong><em>possidebat.</em></strong></span> 
     </span>
    </p>
   </div>
   <div class='ocr_carea' id='block_1_11' title="bbox 134 2913 2262 3344">
    <p class='ocr_par' dir='ltr' id='par_1_11' title="bbox 134 2913 2262 3344">
     <span class='ocr_line' id='line_1_26' title="bbox 412 2913 2214 2998; baseline 0.003 -26"><span class='ocrx_word' id='word_1_388' title='bbox 412 2913 501 2988; x_wconf 79' lang='lat' dir='ltr'><strong><em>Quod</em></strong></span> <span class='ocrx_word' id='word_1_389' title='bbox 533 2913 629 2992; x_wconf 86' lang='lat' dir='ltr'><strong><em>primo</em></strong></span> <span class='ocrx_word' id='word_1_390' title='bbox 663 2913 785 2992; x_wconf 89' lang='lat' dir='ltr'><strong><em>quidem</em></strong></span> <span class='ocrx_word' id='word_1_391' title='bbox 808 2913 848 2974; x_wconf 82' lang='lat' dir='ltr'><strong><em>sd</em></strong></span> <span class='ocrx_word' id='word_1_392' title='bbox 865 2919 1060 2974; x_wconf 80' lang='lat' dir='ltr'><strong><em>auctorem</em></strong></span> <span class='ocrx_word' id='word_1_393' title='bbox 1078 2913 1196 2984; x_wconf 89' lang='lat' dir='ltr'><strong><em>attinet,</em></strong></span> <span class='ocrx_word' id='word_1_394' title='bbox 1220 2913 1324 2974; x_wconf 84' lang='lat' dir='ltr'><strong><em>fictitio</em></strong></span> <span class='ocrx_word' id='word_1_395' title='bbox 1347 2913 1401 2974; x_wconf 91' lang='lat' dir='ltr'><strong><em>illo</em></strong></span> <span class='ocrx_word' id='word_1_396' title='bbox 1422 2915 1543 2976; x_wconf 88' lang='lat' dir='ltr'><strong><em>nomine</em></strong></span> <span class='ocrx_word' id='word_1_397' title='bbox 1565 2914 1700 2994; x_wconf 70' lang='lat' dir='ltr'><strong><em>ippofiio</em></strong></span> <span class='ocrx_word' id='word_1_398' title='bbox 1723 2915 1767 2975; x_wconf 86' lang='lat' dir='ltr'><strong><em>da</em></strong></span> <span class='ocrx_word' id='word_1_399' title='bbox 1793 2913 1890 2976; x_wconf 81' lang='lat' dir='ltr'><strong><em>Terra</em></strong></span> <span class='ocrx_word' id='word_1_400' title='bbox 1911 2936 2009 2998; x_wconf 83' lang='lat' dir='ltr'><strong><em>nepro</em></strong></span> <span class='ocrx_word' id='word_1_401' title='bbox 2031 2915 2214 2998; x_wconf 71' lang='lat' dir='ltr'><strong><em>Pasippus</em></strong></span> 
     </span>
     <span class='ocr_line' id='line_1_27' title="bbox 202 2997 2214 3084; baseline 0.001 -23"><span class='ocrx_word' id='word_1_402' title='bbox 202 2997 430 3062; x_wconf 82' lang='lat' dir='ltr'><strong><em>Melantbonem</em></strong></span> <span class='ocrx_word' id='word_1_403' title='bbox 449 2999 594 3078; x_wconf 82' lang='lat' dir='ltr'><strong><em>denotari,</em></strong></span> <span class='ocrx_word' id='word_1_404' title='bbox 617 3004 648 3056; x_wconf 91' lang='lat' dir='ltr'><strong><em>el</em></strong></span> <span class='ocrx_word' id='word_1_405' title='bbox 671 2997 845 3077; x_wconf 82' lang='lat' dir='ltr'><strong><em>Scaliger</em></strong></span> <span class='ocrx_word' id='word_1_406' title='bbox 866 2997 979 3070; x_wconf 88' lang='lat' dir='ltr'><strong><em>retulit,</em></strong></span> <span class='ocrx_word' id='word_1_407' title='bbox 1003 3004 1035 3060; x_wconf 88' lang='lat' dir='ltr'><strong><em>et</em></strong></span> <span class='ocrx_word' id='word_1_408' title='bbox 1055 3000 1125 3079; x_wconf 86' lang='lat' dir='ltr'><strong><em>ipsa</em></strong></span> <span class='ocrx_word' id='word_1_409' title='bbox 1143 2998 1329 3060; x_wconf 87' lang='lat' dir='ltr'><strong><em>celeberrimi</em></strong></span> <span class='ocrx_word' id='word_1_410' title='bbox 1352 2999 1488 3080; x_wconf 84' lang='lat' dir='ltr'><strong><em>theologi</em></strong></span> <span class='ocrx_word' id='word_1_411' title='bbox 1510 3001 1641 3084; x_wconf 78' lang='lat' dir='ltr'><strong><em>npminis</em></strong></span> <span class='ocrx_word' id='word_1_412' title='bbox 1660 3002 1839 3080; x_wconf 80' lang='lat' dir='ltr'><strong><em>significatio</em></strong></span> <span class='ocrx_word' id='word_1_413' title='bbox 1858 3003 2048 3084; x_wconf 63' lang='lat' dir='ltr'><strong><em>proditm)</em></strong></span> <span class='ocrx_word' id='word_1_414' title='bbox 2080 3003 2148 3064; x_wconf 85' lang='lat' dir='ltr'><strong><em>Hoc</em></strong></span> <span class='ocrx_word' id='word_1_415' title='bbox 2170 3021 2214 3064; x_wconf 82' lang='lat' dir='ltr'><strong><em>ar·</em></strong></span> 
     </span>
     <span class='ocr_line' id='line_1_28' title="bbox 134 3081 2212 3170; baseline 0.002 -23"><span class='ocrx_word' id='word_1_416' title='bbox 134 3151 137 3158; x_wconf 72' lang='grc'><em>,</em></span> <span class='ocrx_word' id='word_1_417' title='bbox 202 3085 327 3147; x_wconf 85' lang='lat' dir='ltr'><strong><em>tificium</em></strong></span> <span class='ocrx_word' id='word_1_418' title='bbox 349 3085 514 3164; x_wconf 87' lang='lat' dir='ltr'><strong><em>interpreti,</em></strong></span> <span class='ocrx_word' id='word_1_419' title='bbox 533 3083 630 3144; x_wconf 85' lang='lat' dir='ltr'><strong><em>arnico</em></strong></span> <span class='ocrx_word' id='word_1_420' title='bbox 642 3081 856 3144; x_wconf 81' lang='lat' dir='ltr'><strong><em>Melantbonis</em></strong></span> <span class='ocrx_word' id='word_1_421' title='bbox 872 3091 903 3146; x_wconf 91' lang='lat' dir='ltr'><strong><em>et</em></strong></span> <span class='ocrx_word' id='word_1_422' title='bbox 924 3085 1062 3146; x_wconf 80' lang='lat' dir='ltr'><strong><em>veritatis</em></strong></span> <span class='ocrx_word' id='word_1_423' title='bbox 1080 3084 1276 3164; x_wconf 85' lang='lat' dir='ltr'><strong><em>evangelicae</em></strong></span> <span class='ocrx_word' id='word_1_424' title='bbox 1299 3089 1445 3146; x_wconf 85' lang='lat' dir='ltr'><strong><em>assertori</em></strong></span> <span class='ocrx_word' id='word_1_425' title='bbox 1465 3085 1655 3148; x_wconf 86' lang='lat' dir='ltr'><strong><em>clandestino</em></strong></span> <span class='ocrx_word' id='word_1_426' title='bbox 1678 3089 1885 3170; x_wconf 75' lang='lat' dir='ltr'><strong><em>imputandum</em></strong></span> <span class='ocrx_word' id='word_1_427' title='bbox 1908 3096 1969 3161; x_wconf 90' lang='lat' dir='ltr'><strong><em>est,</em></strong></span> <span class='ocrx_word' id='word_1_428' title='bbox 1992 3097 2027 3152; x_wconf 91' lang='lat' dir='ltr'><strong><em>ut</em></strong></span> <span class='ocrx_word' id='word_1_429' title='bbox 2043 3097 2147 3152; x_wconf 89' lang='lat' dir='ltr'><strong><em>auctor</em></strong></span> <span class='ocrx_word' id='word_1_430' title='bbox 2167 3097 2212 3152; x_wconf 87' lang='lat' dir='ltr'><strong><em>tn-</em></strong></span> 
     </span>
     <span class='ocr_line' id='line_1_29' title="bbox 201 3169 2262 3256; baseline 0.001 -22"><span class='ocrx_word' id='word_1_431' title='bbox 201 3172 265 3234; x_wconf 87' lang='lat' dir='ltr'><strong><em>tius</em></strong></span> <span class='ocrx_word' id='word_1_432' title='bbox 283 3171 386 3242; x_wconf 83' lang='lat' dir='ltr'><strong><em>lateat,</em></strong></span> <span class='ocrx_word' id='word_1_433' title='bbox 408 3169 547 3249; x_wconf 88' lang='lat' dir='ltr'><strong><em>liberque</em></strong></span> <span class='ocrx_word' id='word_1_434' title='bbox 570 3189 607 3228; x_wconf 86' lang='lat' dir='ltr'><strong><em>eo</em></strong></span> <span class='ocrx_word' id='word_1_435' title='bbox 630 3171 772 3230; x_wconf 85' lang='lat' dir='ltr'><strong><em>securius</em></strong></span> <span class='ocrx_word' id='word_1_436' title='bbox 795 3169 966 3250; x_wconf 87' lang='lat' dir='ltr'><strong><em>divulgetur</em></strong></span> <span class='ocrx_word' id='word_1_437' title='bbox 987 3178 1080 3250; x_wconf 89' lang='lat' dir='ltr'><strong><em>atque</em></strong></span> <span class='ocrx_word' id='word_1_438' title='bbox 1096 3170 1223 3251; x_wconf 84' lang='lat' dir='ltr'><strong><em>legatur.</em></strong></span> <span class='ocrx_word' id='word_1_439' title='bbox 1258 3171 1359 3232; x_wconf 88' lang='lat' dir='ltr'><strong><em>Simili</em></strong></span> <span class='ocrx_word' id='word_1_440' title='bbox 1383 3174 1517 3244; x_wconf 83' lang='lat' dir='ltr'><strong><em>artificio,</em></strong></span> <span class='ocrx_word' id='word_1_441' title='bbox 1540 3173 1783 3236; x_wconf 78' lang='lat' dir='ltr'><strong><em>scilicet&#39;lictitio</em></strong></span> <span class='ocrx_word' id='word_1_442' title='bbox 1806 3173 2132 3256; x_wconf 76' lang='lat' dir='ltr'><strong><em>nomiueliippopbiii</em></strong></span> <span class='ocrx_word' id='word_1_443' title='bbox 2148 3176 2211 3236; x_wconf 83' lang='lat' dir='ltr'><strong><em>Me·</em></strong></span> <span class='ocrx_word' id='word_1_444' title='bbox 2260 3173 2262 3178; x_wconf 70' lang='grc'><strong>’</strong></span> 
     </span>
     <span class='ocr_line' id='line_1_30' title="bbox 184 3250 2211 3344; baseline 0.003 -28"><span class='ocrx_word' id='word_1_445' title='bbox 184 3250 458 3339; x_wconf 66' lang='lat' dir='ltr'><strong><em>⁴larspaaisetiam</em></strong></span> <span class='ocrx_word' id='word_1_446' title='bbox 482 3255 621 3316; x_wconf 85' lang='lat' dir='ltr'><strong><em>eiusdem</em></strong></span> <span class='ocrx_word' id='word_1_447' title='bbox 643 3257 775 3316; x_wconf 84' lang='lat' dir='ltr'><strong><em>auctoris</em></strong></span> <span class='ocrx_word' id='word_1_448' title='bbox 788 3253 1043 3317; x_wconf 77' lang='lat' dir='ltr'><strong><em>Commentarium</em></strong></span> <span class='ocrx_word' id='word_1_449' title='bbox 1072 3258 1100 3316; x_wconf 91' lang='lat' dir='ltr'><strong><em>in</em></strong></span> <span class='ocrx_word' id='word_1_450' title='bbox 1114 3256 1314 3336; x_wconf 84' lang='lat' dir='ltr'><strong><em>Evangelium</em></strong></span> <span class='ocrx_word' id='word_1_451' title='bbox 1332 3257 1534 3344; x_wconf 35' lang='lat' dir='ltr'><strong><em>Matthaei&#39;in</em></strong></span> <span class='ocrx_word' id='word_1_452' title='bbox 1557 3257 1673 3322; x_wconf 87' lang='lat' dir='ltr'><strong><em>ltaliam</em></strong></span> <span class='ocrx_word' id='word_1_453' title='bbox 1695 3263 1868 3321; x_wconf 81' lang='lat' dir='ltr'><strong><em>excurrisse</em></strong></span> <span class='ocrx_word' id='word_1_454' title='bbox 1887 3281 1924 3321; x_wconf 84' lang='lat' dir='ltr'><strong><em>ex</em></strong></span> <span class='ocrx_word' id='word_1_455' title='bbox 1946 3261 2047 3322; x_wconf 90' lang='lat' dir='ltr'><strong><em>lndice</em></strong></span> <span class='ocrx_word' id='word_1_456' title='bbox 2070 3261 2211 3322; x_wconf 89' lang='lat' dir='ltr'><strong><em>librorum</em></strong></span> 
     </span>
    </p>
   </div>
   <div class='ocr_carea' id='block_1_12' title="bbox 247 3539 2211 3960">
    <p class='ocr_par' dir='ltr' id='par_1_12' title="bbox 288 3539 2210 3730">
     <span class='ocr_line' id='line_1_31' title="bbox 288 3539 2210 3617; baseline 0.004 -22"><span class='ocrx_word' id='word_1_457' title='bbox 288 3541 321 3610; x_wconf 64' lang='grc' dir='ltr'><strong><em>ζ’)</em></strong></span> <span class='ocrx_word' id='word_1_458' title='bbox 344 3539 436 3596; x_wconf 81' lang='lat' dir='ltr'><strong><em>&#39;flatus</em></strong></span> <span class='ocrx_word' id='word_1_459' title='bbox 454 3543 512 3594; x_wconf 91' lang='lat' dir='ltr'><strong><em>llbrl</em></strong></span> <span class='ocrx_word' id='word_1_460' title='bbox 530 3541 595 3594; x_wconf 89' lang='lat' dir='ltr'><strong><em>duas</em></strong></span> <span class='ocrx_word' id='word_1_461' title='bbox 613 3543 638 3594; x_wconf 92' lang='lat' dir='ltr'><strong><em>ln</em></strong></span> <span class='ocrx_word' id='word_1_462' title='bbox 656 3543 776 3595; x_wconf 86' lang='lat' dir='ltr'><strong><em>manlbus</em></strong></span> <span class='ocrx_word' id='word_1_463' title='bbox 793 3541 1023 3604; x_wconf 82' lang='lat' dir='ltr'><strong><em>babeoEdltlones,</em></strong></span> <span class='ocrx_word' id='word_1_464' title='bbox 1043 3555 1152 3608; x_wconf 82' lang='lat' dir='ltr'><strong><em>quamn</em></strong></span> <span class='ocrx_word' id='word_1_465' title='bbox 1171 3557 1223 3596; x_wconf 85' lang='lat' dir='ltr'><strong><em>uns</em></strong></span> <span class='ocrx_word' id='word_1_466' title='bbox 1241 3545 1278 3598; x_wconf 86' lang='lat' dir='ltr'><strong><em>sla</em></strong></span> <span class='ocrx_word' id='word_1_467' title='bbox 1294 3545 1430 3608; x_wconf 78' lang='lat' dir='ltr'><strong><em>inscripta:</em></strong></span> <span class='ocrx_word' id='word_1_468' title='bbox 1448 3542 1559 3598; x_wconf 84' lang='lat' dir='ltr'><strong><em>Priam</em></strong></span> <span class='ocrx_word' id='word_1_469' title='bbox 1573 3543 1784 3617; x_wconf 79' lang='lat' dir='ltr'><strong><em>Scoiiperauo,</em></strong></span> <span class='ocrx_word' id='word_1_470' title='bbox 1802 3561 1952 3616; x_wconf 80' lang='lat' dir='ltr'><strong><em>nusquam</em></strong></span> <span class='ocrx_word' id='word_1_471' title='bbox 1970 3547 2101 3602; x_wconf 79' lang='lat' dir='ltr'><strong><em>antebac</em></strong></span> <span class='ocrx_word' id='word_1_472' title='bbox 2119 3549 2210 3616; x_wconf 80' lang='lat' dir='ltr'><strong><em>edita,</em></strong></span> 
     </span>
     <span class='ocr_line' id='line_1_32' title="bbox 358 3606 2209 3730; baseline 0.005 -68"><span class='ocrx_word' id='word_1_473' title='bbox 358 3621 428 3668; x_wconf 80' lang='lat' dir='ltr'><strong><em>aum</em></strong></span> <span class='ocrx_word' id='word_1_474' title='bbox 440 3606 638 3730; x_wconf 66' lang='lat' dir='ltr'><strong><em>prapsatioue</em></strong></span> <span class='ocrx_word' id='word_1_475' title='bbox 658 3609 689 3663; x_wconf 82' lang='lat' dir='ltr'><strong><em>T.</em></strong></span> <span class='ocrx_word' id='word_1_476' title='bbox 699 3607 804 3664; x_wconf 86' lang='lat' dir='ltr'><strong><em>Fabri.</em></strong></span> <span class='ocrx_word' id='word_1_477' title='bbox 821 3607 939 3700; x_wconf 65' lang='lat' dir='ltr'><strong><em>¹Quibus</em></strong></span> <span class='ocrx_word' id='word_1_478' title='bbox 957 3609 1103 3667; x_wconf 85' lang='lat' dir='ltr'><strong><em>adiuncta</em></strong></span> <span class='ocrx_word' id='word_1_479' title='bbox 1123 3617 1151 3663; x_wconf 86' lang='lat' dir='ltr'><strong><em>ei</em></strong></span> <span class='ocrx_word' id='word_1_480' title='bbox 1170 3609 1267 3664; x_wconf 86' lang='lat' dir='ltr'><strong><em>aliern</em></strong></span> <span class='ocrx_word' id='word_1_481' title='bbox 1286 3611 1488 3685; x_wconf 80' lang='lat' dir='ltr'><strong><em>Scaiiperana</em></strong></span> <span class='ocrx_word' id='word_1_482' title='bbox 1547 3631 1598 3706; x_wconf 70' lang='lat' dir='ltr'><strong><em>om</em></strong></span> <span class='ocrx_word' id='word_1_483' title='bbox 1617 3620 1707 3666; x_wconf 85' lang='lat' dir='ltr'><strong><em>anteo</em></strong></span> <span class='ocrx_word' id='word_1_484' title='bbox 1727 3615 1945 3678; x_wconf 82' lang='lat' dir='ltr'><strong><em>emendatiora,</em></strong></span> <span class='ocrx_word' id='word_1_485' title='bbox 1965 3630 2038 3669; x_wconf 88' lang='lat' dir='ltr'><strong><em>oum</em></strong></span> <span class='ocrx_word' id='word_1_486' title='bbox 2051 3617 2140 3671; x_wconf 87' lang='lat' dir='ltr'><strong><em>Notis</em></strong></span> <span class='ocrx_word' id='word_1_487' title='bbox 2160 3633 2209 3672; x_wconf 83' lang='lat' dir='ltr'><strong><em>aa·</em></strong></span> 
     </span>
    </p>

    <p class='ocr_par' dir='ltr' id='par_1_13' title="bbox 247 3676 2211 3960">
     <span class='ocr_line' id='line_1_33' title="bbox 259 3676 2211 3832; baseline 0.003 -26"><span class='ocrx_word' id='word_1_488' title='bbox 259 3789 268 3806; x_wconf 89' lang='lat'><strong><em>.</em></strong></span> <span class='ocrx_word' id='word_1_489' title='bbox 357 3677 499 3802; x_wconf 65' lang='lat' dir='ltr'><strong><em>tillir.</em></strong></span> <span class='ocrx_word' id='word_1_490' title='bbox 517 3676 1740 3823; x_wconf 59' lang='lat' dir='ltr'><strong><em>titillabatillitiillidiiiitiltil‘isunit·ditis,</em></strong></span> <span class='ocrx_word' id='word_1_491' title='bbox 1757 3687 2211 3832; x_wconf 61' lang='lat' dir='ltr'><strong><em>bilstitflilltltti</em></strong></span> 
     </span>
     <span class='ocr_line' id='line_1_34' title="bbox 247 3813 2210 3898; baseline 0.005 -30"><span class='ocrx_word' id='word_1_492' title='bbox 247 3817 255 3832; x_wconf 77' lang='lat'>⁸</span> <span class='ocrx_word' id='word_1_493' title='bbox 303 3869 312 3880; x_wconf 53' lang='lat'>„</span> <span class='ocrx_word' id='word_1_494' title='bbox 357 3813 575 3870; x_wconf 80' lang='lat' dir='ltr'><strong><em>Goionsesiana.</em></strong></span> <span class='ocrx_word' id='word_1_495' title='bbox 612 3813 658 3870; x_wconf 86' lang='lat' dir='ltr'><strong><em>Ou</em></strong></span> <span class='ocrx_word' id='word_1_496' title='bbox 675 3815 861 3886; x_wconf 78' lang='lat' dir='ltr'><strong><em>Remarques</em></strong></span> <span class='ocrx_word' id='word_1_497' title='bbox 878 3813 997 3869; x_wconf 84' lang='lat' dir='ltr'><strong><em>Histori</em></strong></span> <span class='ocrx_word' id='word_1_498' title='bbox 1019 3832 1086 3881; x_wconf 86' lang='lat' dir='ltr'><strong><em>aes,</em></strong></span> <span class='ocrx_word' id='word_1_499' title='bbox 1118 3820 1192 3871; x_wconf 86' lang='lat' dir='ltr'><strong><em>criti</em></strong></span> <span class='ocrx_word' id='word_1_500' title='bbox 1250 3835 1278 3880; x_wconf 89' lang='lat' dir='ltr'><strong><em>s,</em></strong></span> <span class='ocrx_word' id='word_1_501' title='bbox 1308 3819 1453 3884; x_wconf 86' lang='lat' dir='ltr'><strong><em>morales,</em></strong></span> <span class='ocrx_word' id='word_1_502' title='bbox 1484 3826 1512 3872; x_wconf 87' lang='lat' dir='ltr'><strong><em>et</em></strong></span> <span class='ocrx_word' id='word_1_503' title='bbox 1530 3820 1696 3874; x_wconf 87' lang='lat' dir='ltr'><strong><em>litieraires</em></strong></span> <span class='ocrx_word' id='word_1_504' title='bbox 1719 3821 1755 3874; x_wconf 86' lang='lat' dir='ltr'><strong><em>de</em></strong></span> <span class='ocrx_word' id='word_1_505' title='bbox 1773 3819 1837 3874; x_wconf 82' lang='lat' dir='ltr'><strong><em>Jos.</em></strong></span> <span class='ocrx_word' id='word_1_506' title='bbox 1857 3821 2006 3894; x_wconf 80' lang='lat' dir='ltr'><strong><em>Scaiiper,</em></strong></span> <span class='ocrx_word' id='word_1_507' title='bbox 2031 3821 2061 3877; x_wconf 85' lang='lat' dir='ltr'><strong><em>J.</em></strong></span> <span class='ocrx_word' id='word_1_508' title='bbox 2079 3825 2152 3898; x_wconf 78' lang='lat' dir='ltr'><strong><em>Aup.</em></strong></span> <span class='ocrx_word' id='word_1_509' title='bbox 2173 3825 2210 3878; x_wconf 82' lang='lat' dir='ltr'><strong><em>dc</em></strong></span> 
     </span>
     <span class='ocr_line' id='line_1_35' title="bbox 359 3833 2207 3960; baseline 0.004 -22"><span class='ocrx_word' id='word_1_510' title='bbox 359 3881 458 3947; x_wconf 83' lang='lat' dir='ltr'><strong><em>Tbou,</em></strong></span> <span class='ocrx_word' id='word_1_511' title='bbox 488 3883 515 3936; x_wconf 90' lang='lat' dir='ltr'><strong><em>le</em></strong></span> <span class='ocrx_word' id='word_1_512' title='bbox 533 3883 683 3938; x_wconf 78' lang='lat' dir='ltr'><strong><em>Gordiani</em></strong></span> <span class='ocrx_word' id='word_1_513' title='bbox 699 3884 739 3938; x_wconf 86' lang='lat' dir='ltr'><strong><em>du</em></strong></span> <span class='ocrx_word' id='word_1_514' title='bbox 756 3883 889 3947; x_wconf 66' lang='lat' dir='ltr'><strong><em>Persou,</em></strong></span> <span class='ocrx_word' id='word_1_515' title='bbox 919 3884 971 3938; x_wconf 85' lang='lat' dir='ltr'><strong><em>Fr.</em></strong></span> <span class='ocrx_word' id='word_1_516' title='bbox 1035 3885 1121 3949; x_wconf 79' lang='lat' dir='ltr'><strong><em>tirou,</em></strong></span> <span class='ocrx_word' id='word_1_517' title='bbox 1152 3833 1412 3940; x_wconf 49' lang='lat' dir='ltr'><strong><em>etqlbeGoiomies.</em></strong></span> <span class='ocrx_word' id='word_1_518' title='bbox 1449 3889 1527 3941; x_wconf 86' lang='lat' dir='ltr'><strong><em>Avec</em></strong></span> <span class='ocrx_word' id='word_1_519' title='bbox 1552 3889 1594 3942; x_wconf 88' lang='lat' dir='ltr'><strong><em>ies</em></strong></span> <span class='ocrx_word' id='word_1_520' title='bbox 1610 3895 1695 3942; x_wconf 86' lang='lat' dir='ltr'><strong><em>nates</em></strong></span> <span class='ocrx_word' id='word_1_521' title='bbox 1713 3889 1749 3942; x_wconf 81' lang='lat' dir='ltr'><strong><em>sle</em></strong></span> <span class='ocrx_word' id='word_1_522' title='bbox 1762 3889 1915 3960; x_wconf 78' lang='lat' dir='ltr'><strong><em>plusieurs</em></strong></span> <span class='ocrx_word' id='word_1_523' title='bbox 1933 3907 2051 3944; x_wconf 84' lang='lat' dir='ltr'><strong><em>sanans.</em></strong></span> <span class='ocrx_word' id='word_1_524' title='bbox 2075 3891 2164 3946; x_wconf 82' lang='lat' dir='ltr'><strong><em>Tame</em></strong></span> <span class='ocrx_word' id='word_1_525' title='bbox 2183 3891 2207 3945; x_wconf 90' lang='lat'><strong><em>1.</em></strong></span> 
     </span>
    </p>
   </div>
   <div class='ocr_carea' id='block_1_13' title="bbox 349 3954 2329 4020">
    <p class='ocr_par' dir='ltr' id='par_1_14' title="bbox 349 3954 2329 4020">
     <span class='ocr_line' id='line_1_36' title="bbox 349 3954 2329 4020; baseline 0.005 -14"><span class='ocrx_word' id='word_1_526' title='bbox 349 3955 484 4018; x_wconf 70' lang='lat' dir='ltr'><strong><em>(thuana,</em></strong></span> <span class='ocrx_word' id='word_1_527' title='bbox 501 3955 664 4018; x_wconf 80' lang='lat' dir='ltr'><strong><em>Perrnnlans,</em></strong></span> <span class='ocrx_word' id='word_1_528' title='bbox 682 3957 821 4008; x_wconf 84' lang='lat' dir='ltr'><strong><em>Pithoeam</em></strong></span> <span class='ocrx_word' id='word_1_529' title='bbox 839 3959 865 4008; x_wconf 90' lang='lat' dir='ltr'><strong><em>et</em></strong></span> <span class='ocrx_word' id='word_1_530' title='bbox 882 3957 1060 4010; x_wconf 82' lang='lat' dir='ltr'><strong><em>calomeslsna</em></strong></span> <span class='ocrx_word' id='word_1_531' title='bbox 1079 3960 1155 4017; x_wconf 72' lang='lat' dir='ltr'><strong><em>cant.)</em></strong></span> <span class='ocrx_word' id='word_1_532' title='bbox 1173 3955 1197 4008; x_wconf 82' lang='grc' dir='ltr'><em>Α</em></span> <span class='ocrx_word' id='word_1_533' title='bbox 1215 3955 1417 4020; x_wconf 84' lang='lat' dir='ltr'><strong><em>Amsterdam,</em></strong></span> <span class='ocrx_word' id='word_1_534' title='bbox 1437 3954 1505 4010; x_wconf 81' lang='lat' dir='ltr'><strong><em>alies</em></strong></span> <span class='ocrx_word' id='word_1_535' title='bbox 1523 3956 1636 4012; x_wconf 76' lang='lat' dir='ltr'><strong><em>Carens</em></strong></span> <span class='ocrx_word' id='word_1_536' title='bbox 1654 3965 1682 4011; x_wconf 83' lang='lat' dir='ltr'><strong><em>et</em></strong></span> <span class='ocrx_word' id='word_1_537' title='bbox 1699 3958 1841 4012; x_wconf 77' lang='lat' dir='ltr'><strong><em>Martias.</em></strong></span> <span class='ocrx_word' id='word_1_538' title='bbox 1860 3958 2036 4014; x_wconf 63' lang='lat' dir='ltr'><strong><em>abacia.</em></strong></span> <span class='ocrx_word' id='word_1_539' title='bbox 2060 3959 2149 4014; x_wconf 80' lang='lat' dir='ltr'><strong><em>Tame</em></strong></span> <span class='ocrx_word' id='word_1_540' title='bbox 2167 3959 2208 4014; x_wconf 85' lang='lat'><strong><em>11.</em></strong></span> <span class='ocrx_word' id='word_1_541' title='bbox 2326 3963 2329 3976; x_wconf 82' lang='grc'><strong>“</strong></span> 
     </span>
    </p>
   </div>
   <div class='ocr_carea' id='block_1_14' title="bbox 297 4021 2211 4160">
    <p class='ocr_par' dir='ltr' id='par_1_15' title="bbox 297 4021 2211 4160">
     <span class='ocr_line' id='line_1_37' title="bbox 297 4021 2211 4097; baseline 0.006 -23"><span class='ocrx_word' id='word_1_542' title='bbox 297 4079 299 4082; x_wconf 65' lang='grc'><strong>,</strong></span> <span class='ocrx_word' id='word_1_543' title='bbox 355 4024 450 4087; x_wconf 81' lang='lat' dir='ltr'><strong><em>(prima</em></strong></span> <span class='ocrx_word' id='word_1_544' title='bbox 468 4027 495 4074; x_wconf 87' lang='lat' dir='ltr'><strong><em>el</em></strong></span> <span class='ocrx_word' id='word_1_545' title='bbox 511 4025 626 4076; x_wconf 85' lang='lat' dir='ltr'><strong><em>secunda</em></strong></span> <span class='ocrx_word' id='word_1_546' title='bbox 645 4025 810 4088; x_wconf 78' lang='lat' dir='ltr'><strong><em>scaligerum</em></strong></span> <span class='ocrx_word' id='word_1_547' title='bbox 828 4025 907 4088; x_wconf 83' lang='lat' dir='ltr'><strong><em>cant)</em></strong></span> <span class='ocrx_word' id='word_1_548' title='bbox 926 4022 1004 4097; x_wconf 72' lang='lat' dir='ltr'><strong><em>ibid.</em></strong></span> <span class='ocrx_word' id='word_1_549' title='bbox 1023 4021 1203 4078; x_wconf 78' lang='lat' dir='ltr'><strong><em>MDGCXL.</em></strong></span> <span class='ocrx_word' id='word_1_550' title='bbox 1223 4029 1255 4088; x_wconf 80' lang='lat' dir='ltr'><strong><em>s,</em></strong></span> <span class='ocrx_word' id='word_1_551' title='bbox 1284 4029 1449 4090; x_wconf 76' lang='lat' dir='ltr'><strong><em>scaligerum</em></strong></span> <span class='ocrx_word' id='word_1_552' title='bbox 1476 4041 1533 4082; x_wconf 87' lang='lat' dir='ltr'><strong><em>cum</em></strong></span> <span class='ocrx_word' id='word_1_553' title='bbox 1551 4031 1608 4082; x_wconf 82' lang='lat' dir='ltr'><strong><em>ullis</em></strong></span> <span class='ocrx_word' id='word_1_554' title='bbox 1626 4031 1759 4083; x_wconf 87' lang='lat' dir='ltr'><strong><em>coniuncta</em></strong></span> <span class='ocrx_word' id='word_1_555' title='bbox 1777 4031 1896 4084; x_wconf 74' lang='lat' dir='ltr'><strong><em>conibet.</em></strong></span> <span class='ocrx_word' id='word_1_556' title='bbox 1931 4031 2057 4084; x_wconf 80' lang='lat' dir='ltr'><strong><em>Articulus</em></strong></span> <span class='ocrx_word' id='word_1_557' title='bbox 2074 4029 2154 4084; x_wconf 82' lang='lat' dir='ltr'><strong><em>Rosa</em></strong></span> <span class='ocrx_word' id='word_1_558' title='bbox 2173 4034 2211 4085; x_wconf 88' lang='lat' dir='ltr'><strong><em>le·</em></strong></span> 
     </span>
     <span class='ocr_line' id='line_1_38' title="bbox 355 4091 2054 4160; baseline 0.003 -16"><span class='ocrx_word' id='word_1_559' title='bbox 355 4092 424 4155; x_wconf 73' lang='lat' dir='ltr'><strong><em>gitur</em></strong></span> <span class='ocrx_word' id='word_1_560' title='bbox 440 4091 466 4144; x_wconf 93' lang='lat' dir='ltr'><strong><em>ln</em></strong></span> <span class='ocrx_word' id='word_1_561' title='bbox 483 4093 566 4155; x_wconf 82' lang='lat' dir='ltr'><strong><em>prlore</em></strong></span> <span class='ocrx_word' id='word_1_562' title='bbox 585 4093 629 4145; x_wconf 83' lang='lat' dir='ltr'><strong><em>Ed.</em></strong></span> <span class='ocrx_word' id='word_1_563' title='bbox 642 4093 669 4146; x_wconf 92' lang='grc' dir='ltr'><strong><em>Ρ.</em></strong></span> <span class='ocrx_word' id='word_1_564' title='bbox 689 4095 715 4146; x_wconf 94' lang='grc'><strong><em>11.</em></strong></span> <span class='ocrx_word' id='word_1_565' title='bbox 733 4107 758 4157; x_wconf 83' lang='lat' dir='ltr'><strong><em>p.</em></strong></span> <span class='ocrx_word' id='word_1_566' title='bbox 778 4095 845 4158; x_wconf 76' lang='lat'><strong><em>2⁰7,</em></strong></span> <span class='ocrx_word' id='word_1_567' title='bbox 862 4095 888 4146; x_wconf 93' lang='lat' dir='ltr'><strong><em>ln</em></strong></span> <span class='ocrx_word' id='word_1_568' title='bbox 906 4095 989 4147; x_wconf 84' lang='lat' dir='ltr'><strong><em>altera</em></strong></span> <span class='ocrx_word' id='word_1_569' title='bbox 1007 4095 1032 4147; x_wconf 85' lang='lat' dir='ltr'><strong><em>T.</em></strong></span> <span class='ocrx_word' id='word_1_570' title='bbox 1049 4095 1077 4149; x_wconf 90' lang='lat' dir='ltr'><strong><em>ll.</em></strong></span> <span class='ocrx_word' id='word_1_571' title='bbox 1096 4109 1119 4160; x_wconf 83' lang='lat' dir='ltr'><strong><em>p.</em></strong></span> <span class='ocrx_word' id='word_1_572' title='bbox 1138 4097 1189 4148; x_wconf 79' lang='lat'><strong><em>5³7</em></strong></span> <span class='ocrx_word' id='word_1_573' title='bbox 1208 4109 1246 4160; x_wconf 86' lang='lat' dir='ltr'><strong><em>sq.</em></strong></span> <span class='ocrx_word' id='word_1_574' title='bbox 2052 4127 2054 4130; x_wconf 94' lang='lat'>-</span> 
     </span>
    </p>
   </div>
   <div class='ocr_carea' id='block_1_15' title="bbox 279 4193 2243 4626">
    <p class='ocr_par' dir='ltr' id='par_1_16' title="bbox 279 4193 2243 4626">
     <span class='ocr_line' id='line_1_39' title="bbox 279 4193 2243 4354; baseline 0.008 -22"><span class='ocrx_word' id='word_1_575' title='bbox 279 4209 322 4314; x_wconf 70' lang='grc' dir='ltr'><strong><em>Τ)</em></strong></span> <span class='ocrx_word' id='word_1_576' title='bbox 358 4210 1034 4348; x_wconf 58' lang='lat' dir='ltr'><strong><em>illiatitali.latitabatis</em></strong></span> <span class='ocrx_word' id='word_1_577' title='bbox 1050 4214 1464 4354; x_wconf 53' lang='lat' dir='ltr'><strong><em>{inimitabilia</em></strong></span> <span class='ocrx_word' id='word_1_578' title='bbox 1478 4193 1743 4336; x_wconf 59' lang='lat' dir='ltr'><strong><em>itarital</em></strong></span> <span class='ocrx_word' id='word_1_579' title='bbox 1764 4213 2207 4340; x_wconf 63' lang='lat' dir='ltr'><strong><em>..idiltttialilbz</em></strong></span> <span class='ocrx_word' id='word_1_580' title='bbox 2240 4343 2243 4347; x_wconf 85' lang='grc'><strong>,</strong></span> 
     </span>
     <span class='ocr_line' id='line_1_40' title="bbox 356 4346 2207 4426; baseline 0.003 -23"><span class='ocrx_word' id='word_1_581' title='bbox 356 4349 482 4410; x_wconf 84' lang='lat' dir='ltr'><strong><em>niensis,</em></strong></span> <span class='ocrx_word' id='word_1_582' title='bbox 503 4346 626 4416; x_wconf 81' lang='lat' dir='ltr'><strong><em>pridem</em></strong></span> <span class='ocrx_word' id='word_1_583' title='bbox 644 4347 859 4402; x_wconf 84' lang='lat' dir='ltr'><strong><em>inconsolabili</em></strong></span> <span class='ocrx_word' id='word_1_584' title='bbox 875 4365 999 4402; x_wconf 84' lang='lat' dir='ltr'><strong><em>suorum</em></strong></span> <span class='ocrx_word' id='word_1_585' title='bbox 1021 4347 1105 4404; x_wconf 78' lang='lat' dir='ltr'><strong><em>iactu</em></strong></span> <span class='ocrx_word' id='word_1_586' title='bbox 1122 4353 1188 4404; x_wconf 87' lang='lat' dir='ltr'><strong><em>uita</em></strong></span> <span class='ocrx_word' id='word_1_587' title='bbox 1205 4347 1307 4418; x_wconf 81' lang='lat' dir='ltr'><strong><em>functi</em></strong></span> <span class='ocrx_word' id='word_1_588' title='bbox 1323 4349 1508 4419; x_wconf 85' lang='lat' dir='ltr'><strong><em>Apotbeosis,</em></strong></span> <span class='ocrx_word' id='word_1_589' title='bbox 1529 4349 1676 4406; x_wconf 86' lang='lat' dir='ltr'><strong><em>Gratiano</em></strong></span> <span class='ocrx_word' id='word_1_590' title='bbox 1701 4349 1774 4406; x_wconf 85' lang='lat' dir='ltr'><strong><em>Vero</em></strong></span> <span class='ocrx_word' id='word_1_591' title='bbox 1797 4349 1974 4426; x_wconf 78' lang='lat' dir='ltr'><strong><em>Tbeolapiae</em></strong></span> <span class='ocrx_word' id='word_1_592' title='bbox 1992 4351 2207 4409; x_wconf 85' lang='lat' dir='ltr'><strong><em>Baooaiourco</em></strong></span> 
     </span>
     <span class='ocr_line' id='line_1_41' title="bbox 357 4418 2209 4508; baseline 0.005 -40"><span class='ocrx_word' id='word_1_593' title='bbox 357 4421 472 4470; x_wconf 87' lang='lat' dir='ltr'><strong><em>autore.</em></strong></span> <span class='ocrx_word' id='word_1_594' title='bbox 491 4419 526 4480; x_wconf 85' lang='lat' dir='ltr'><strong><em>(s.</em></strong></span> <span class='ocrx_word' id='word_1_595' title='bbox 543 4418 560 4470; x_wconf 93' lang='lat' dir='ltr'><strong><em>l.</em></strong></span> <span class='ocrx_word' id='word_1_596' title='bbox 580 4419 654 4471; x_wconf 83' lang='grc'>1558.</span> <span class='ocrx_word' id='word_1_597' title='bbox 677 4420 704 4473; x_wconf 90' lang='grc'><strong><em>11</em></strong></span> <span class='ocrx_word' id='word_1_598' title='bbox 725 4421 811 4482; x_wconf 73' lang='lat' dir='ltr'><strong><em>plaga.</em></strong></span> <span class='ocrx_word' id='word_1_599' title='bbox 828 4419 866 4484; x_wconf 79' lang='lat' dir='ltr'><strong><em>t.)</em></strong></span> <span class='ocrx_word' id='word_1_600' title='bbox 885 4419 961 4472; x_wconf 76' lang='lat' dir='ltr'><strong><em>ebert</em></strong></span> <span class='ocrx_word' id='word_1_601' title='bbox 979 4419 1049 4472; x_wconf 87' lang='lat' dir='ltr'><strong><em>blsce</em></strong></span> <span class='ocrx_word' id='word_1_602' title='bbox 1067 4421 1167 4472; x_wconf 88' lang='lat' dir='ltr'><strong><em>verbis:</em></strong></span> <span class='ocrx_word' id='word_1_603' title='bbox 1204 4418 1269 4481; x_wconf 79' lang='lat' dir='ltr'><strong><em>„Ad</em></strong></span> <span class='ocrx_word' id='word_1_604' title='bbox 1291 4434 1378 4508; x_wconf 74' lang='lat' dir='ltr'><strong><em>poem</em></strong></span> <span class='ocrx_word' id='word_1_605' title='bbox 1402 4419 1524 4472; x_wconf 89' lang='lat' dir='ltr'><strong><em>madum</em></strong></span> <span class='ocrx_word' id='word_1_606' title='bbox 1541 4423 1607 4485; x_wconf 87' lang='lat' dir='ltr'><strong><em>[scil.</em></strong></span> <span class='ocrx_word' id='word_1_607' title='bbox 1625 4423 1736 4474; x_wconf 85' lang='lat' dir='ltr'><strong><em>auctoris</em></strong></span> <span class='ocrx_word' id='word_1_608' title='bbox 1755 4424 1858 4476; x_wconf 90' lang='lat' dir='ltr'><strong><em>nornine</em></strong></span> <span class='ocrx_word' id='word_1_609' title='bbox 1877 4429 1974 4478; x_wconf 86' lang='lat' dir='ltr'><strong><em>munta</em></strong></span> <span class='ocrx_word' id='word_1_610' title='bbox 2006 4426 2136 4492; x_wconf 84' lang='lat' dir='ltr'><strong><em>turpiter</em></strong></span> <span class='ocrx_word' id='word_1_611' title='bbox 2154 4441 2209 4478; x_wconf 86' lang='lat' dir='ltr'><strong><em>nos</em></strong></span> 
     </span>
     <span class='ocr_line' id='line_1_42' title="bbox 357 4483 2207 4560; baseline 0.003 -21"><span class='ocrx_word' id='word_1_612' title='bbox 357 4484 476 4554; x_wconf 83' lang='lat' dir='ltr'><strong><em>decepit</em></strong></span> <span class='ocrx_word' id='word_1_613' title='bbox 492 4483 631 4554; x_wconf 75' lang='lat' dir='ltr'><strong><em>Philippi</em></strong></span> <span class='ocrx_word' id='word_1_614' title='bbox 647 4483 893 4540; x_wconf 82' lang='lat' dir='ltr'><strong><em>Melanolstbonis</em></strong></span> <span class='ocrx_word' id='word_1_615' title='bbox 910 4485 1027 4540; x_wconf 83' lang='lat' dir='ltr'><strong><em>libellus</em></strong></span> <span class='ocrx_word' id='word_1_616' title='bbox 1044 4486 1081 4540; x_wconf 87' lang='lat' dir='ltr'><strong><em>de</em></strong></span> <span class='ocrx_word' id='word_1_617' title='bbox 1101 4485 1261 4559; x_wconf 79' lang='lat' dir='ltr'><strong><em>Tbeoiopia</em></strong></span> <span class='ocrx_word' id='word_1_618' title='bbox 1280 4485 1455 4542; x_wconf 76' lang='lat' dir='ltr'><strong><em>biristiaao</em></strong></span> <span class='ocrx_word' id='word_1_619' title='bbox 1473 4492 1664 4554; x_wconf 85' lang='lat' dir='ltr'><strong><em>{verosimiliter</em></strong></span> <span class='ocrx_word' id='word_1_620' title='bbox 1680 4491 1759 4556; x_wconf 85' lang='lat' dir='ltr'><strong><em>Lacil.</em></strong></span> <span class='ocrx_word' id='word_1_621' title='bbox 1779 4493 1830 4558; x_wconf 81' lang='lat' dir='ltr'><strong><em>qui</em></strong></span> <span class='ocrx_word' id='word_1_622' title='bbox 1848 4490 1934 4544; x_wconf 84' lang='lat' dir='ltr'><strong><em>titulo</em></strong></span> <span class='ocrx_word' id='word_1_623' title='bbox 2052 4491 2132 4560; x_wconf 79' lang='lat' dir='ltr'><strong><em>plia</em></strong></span> <span class='ocrx_word' id='word_1_624' title='bbox 2142 4491 2207 4546; x_wconf 80' lang='lat' dir='ltr'><strong><em>Me-</em></strong></span> 
     </span>
     <span class='ocr_line' id='line_1_43' title="bbox 356 4507 2206 4626; baseline 0.005 -19"><span class='ocrx_word' id='word_1_625' title='bbox 356 4553 479 4626; x_wconf 76' lang='lat' dir='ltr'><strong><em>ianpaei</em></strong></span> <span class='ocrx_word' id='word_1_626' title='bbox 517 4557 610 4607; x_wconf 67' lang='lat' dir='ltr'><strong><em>asum</em></strong></span> <span class='ocrx_word' id='word_1_627' title='bbox 628 4559 811 4618; x_wconf 86' lang='lat' dir='ltr'><strong><em>senatorum,</em></strong></span> <span class='ocrx_word' id='word_1_628' title='bbox 826 4547 1003 4624; x_wconf 81' lang='lat' dir='ltr'><strong><em>praesidum</em></strong></span> <span class='ocrx_word' id='word_1_629' title='bbox 1023 4561 1051 4608; x_wconf 90' lang='lat' dir='ltr'><strong><em>et</em></strong></span> <span class='ocrx_word' id='word_1_630' title='bbox 1067 4561 1241 4610; x_wconf 84' lang='lat' dir='ltr'><strong><em>nostrorum</em></strong></span> <span class='ocrx_word' id='word_1_631' title='bbox 1260 4559 1353 4608; x_wconf 88' lang='lat' dir='ltr'><strong><em>etiam</em></strong></span> <span class='ocrx_word' id='word_1_632' title='bbox 1373 4554 1645 4610; x_wconf 85' lang='lat' dir='ltr'><strong><em>baccalaureorum</em></strong></span> <span class='ocrx_word' id='word_1_633' title='bbox 1662 4557 1804 4612; x_wconf 88' lang='lat' dir='ltr'><strong><em>manibus</em></strong></span> <span class='ocrx_word' id='word_1_634' title='bbox 1815 4563 1906 4612; x_wconf 84' lang='lat' dir='ltr'><strong><em>tritus</em></strong></span> <span class='ocrx_word' id='word_1_635' title='bbox 1919 4565 1979 4612; x_wconf 86' lang='lat' dir='ltr'><strong><em>esis</em></strong></span> <span class='ocrx_word' id='word_1_636' title='bbox 1990 4507 2206 4626; x_wconf 56' lang='lat' dir='ltr'><strong><em>meremini,</em></strong></span> 
     </span>
    </p>
   </div>
   <div class='ocr_carea' id='block_1_16' title="bbox 6 4621 2285 4710">
    <p class='ocr_par' dir='ltr' id='par_1_17' title="bbox 6 4621 2285 4710">
     <span class='ocr_line' id='line_1_44' title="bbox 6 4621 2285 4710; baseline 0.005 -38"><span class='ocrx_word' id='word_1_637' title='bbox 6 4679 9 4690; x_wconf 36' lang='grc'>1</span> <span class='ocrx_word' id='word_1_638' title='bbox 121 4655 141 4710; x_wconf 48' lang='lat'><strong><em>2.</em></strong></span> <span class='ocrx_word' id='word_1_639' title='bbox 250 4673 258 4678; x_wconf 87' lang='grc'><strong>,</strong></span> <span class='ocrx_word' id='word_1_640' title='bbox 357 4624 408 4690; x_wconf 81' lang='lat' dir='ltr'><strong><em>qui</em></strong></span> <span class='ocrx_word' id='word_1_641' title='bbox 425 4625 458 4676; x_wconf 88' lang='lat' dir='ltr'><strong><em>in</em></strong></span> <span class='ocrx_word' id='word_1_642' title='bbox 504 4621 1017 4693; x_wconf 80' lang='lat' dir='ltr'><strong><em>emnaninadbuospncerierant,</em></strong></span> <span class='ocrx_word' id='word_1_643' title='bbox 1048 4623 1281 4687; x_wconf 83' lang='lat' dir='ltr'><strong><em>admonuerunt,</em></strong></span> <span class='ocrx_word' id='word_1_644' title='bbox 1308 4623 1506 4679; x_wconf 79' lang='lat' dir='ltr'><strong><em>cibabitur</em></strong></span> <span class='ocrx_word' id='word_1_645' title='bbox 1525 4625 1601 4680; x_wconf 85' lang='lat' dir='ltr'><strong><em>nodo</em></strong></span> <span class='ocrx_word' id='word_1_646' title='bbox 1621 4627 1842 4682; x_wconf 82' lang='lat' dir='ltr'><strong><em>consuleremus</em></strong></span> <span class='ocrx_word' id='word_1_647' title='bbox 1859 4626 1975 4682; x_wconf 71' lang='lat' dir='ltr'><strong><em>beriae</em></strong></span> <span class='ocrx_word' id='word_1_648' title='bbox 1993 4635 2112 4690; x_wconf 80' lang='lat' dir='ltr'><strong><em>nostro,</em></strong></span> <span class='ocrx_word' id='word_1_649' title='bbox 2137 4627 2207 4697; x_wconf 83' lang='lat' dir='ltr'><strong><em>sore</em></strong></span> <span class='ocrx_word' id='word_1_650' title='bbox 2273 4650 2285 4662; x_wconf 55' lang='lat'><strong><em>¹*</em></strong></span> 
     </span>
    </p>
   </div>
   <div class='ocr_carea' id='block_1_17' title="bbox 354 4689 2205 4898">
    <p class='ocr_par' dir='ltr' id='par_1_18' title="bbox 354 4689 2205 4898">
     <span class='ocr_line' id='line_1_45' title="bbox 357 4689 2205 4762; baseline 0.005 -20"><span class='ocrx_word' id='word_1_651' title='bbox 357 4693 446 4753; x_wconf 87' lang='lat' dir='ltr'><strong><em>enim,</em></strong></span> <span class='ocrx_word' id='word_1_652' title='bbox 463 4695 497 4743; x_wconf 88' lang='lat' dir='ltr'><strong><em>ui</em></strong></span> <span class='ocrx_word' id='word_1_653' title='bbox 515 4691 595 4759; x_wconf 83' lang='lat' dir='ltr'><strong><em>idem</em></strong></span> <span class='ocrx_word' id='word_1_654' title='bbox 613 4706 675 4744; x_wconf 90' lang='lat' dir='ltr'><strong><em>esse</em></strong></span> <span class='ocrx_word' id='word_1_655' title='bbox 692 4689 869 4762; x_wconf 73' lang='lat' dir='ltr'><strong><em>Philippum</em></strong></span> <span class='ocrx_word' id='word_1_656' title='bbox 889 4697 917 4744; x_wconf 88' lang='lat' dir='ltr'><strong><em>et</em></strong></span> <span class='ocrx_word' id='word_1_657' title='bbox 933 4689 1153 4762; x_wconf 72' lang='lat' dir='ltr'><strong><em>Hippopbiium</em></strong></span> <span class='ocrx_word' id='word_1_658' title='bbox 1170 4691 1464 4762; x_wconf 74' lang='lat' dir='ltr'><strong><em>deprehenderemus.</em></strong></span> <span class='ocrx_word' id='word_1_659' title='bbox 1531 4707 1564 4747; x_wconf 90' lang='lat' dir='ltr'><strong><em>os</em></strong></span> <span class='ocrx_word' id='word_1_660' title='bbox 1582 4711 1619 4747; x_wconf 81' lang='lat' dir='ltr'><strong><em>ea</em></strong></span> <span class='ocrx_word' id='word_1_661' title='bbox 1636 4699 1756 4748; x_wconf 88' lang='lat' dir='ltr'><strong><em>nominc</em></strong></span> <span class='ocrx_word' id='word_1_662' title='bbox 1780 4699 1989 4749; x_wconf 76' lang='lat' dir='ltr'><strong><em>existimantes</em></strong></span> <span class='ocrx_word' id='word_1_663' title='bbox 2007 4695 2138 4752; x_wconf 75' lang='lat' dir='ltr'><strong><em>abactas</em></strong></span> <span class='ocrx_word' id='word_1_664' title='bbox 2155 4697 2205 4751; x_wconf 88' lang='lat' dir='ltr'><strong><em>da·</em></strong></span> 
     </span>
     <span class='ocr_line' id='line_1_46' title="bbox 357 4753 2204 4833; baseline 0.004 -22"><span class='ocrx_word' id='word_1_665' title='bbox 357 4761 401 4811; x_wconf 77' lang='lat' dir='ltr'><strong><em>aii</em></strong></span> <span class='ocrx_word' id='word_1_666' title='bbox 417 4753 447 4812; x_wconf 80' lang='lat' dir='ltr'><strong><em>it</em></strong></span> <span class='ocrx_word' id='word_1_667' title='bbox 460 4761 511 4828; x_wconf 88' lang='lat' dir='ltr'><strong><em>pii</em></strong></span> <span class='ocrx_word' id='word_1_668' title='bbox 529 4775 591 4813; x_wconf 85' lang='lat' dir='ltr'><strong><em>esse</em></strong></span> <span class='ocrx_word' id='word_1_669' title='bbox 608 4757 690 4823; x_wconf 82' lang='lat' dir='ltr'><strong><em>isaii,</em></strong></span> <span class='ocrx_word' id='word_1_670' title='bbox 709 4775 743 4814; x_wconf 87' lang='lat' dir='ltr'><strong><em>eo</em></strong></span> <span class='ocrx_word' id='word_1_671' title='bbox 763 4760 842 4829; x_wconf 78' lang='lat' dir='ltr'><strong><em>quod</em></strong></span> <span class='ocrx_word' id='word_1_672' title='bbox 863 4758 1010 4833; x_wconf 79' lang='lat' dir='ltr'><strong><em>Vespilius</em></strong></span> <span class='ocrx_word' id='word_1_673' title='bbox 1026 4760 1144 4815; x_wconf 82' lang='lat' dir='ltr'><strong><em>scribut</em></strong></span> <span class='ocrx_word' id='word_1_674' title='bbox 1162 4765 1194 4814; x_wconf 87' lang='lat' dir='ltr'><strong><em>in</em></strong></span> <span class='ocrx_word' id='word_1_675' title='bbox 1212 4760 1305 4814; x_wconf 84' lang='lat' dir='ltr'><strong><em>ltalia</em></strong></span> <span class='ocrx_word' id='word_1_676' title='bbox 1324 4759 1520 4832; x_wconf 78' lang='lat' dir='ltr'><strong><em>Hippolytum</em></strong></span> <span class='ocrx_word' id='word_1_677' title='bbox 1538 4761 1699 4827; x_wconf 74' lang='lat' dir='ltr'><strong><em>habitasse,</em></strong></span> <span class='ocrx_word' id='word_1_678' title='bbox 1718 4763 2038 4820; x_wconf 78' lang='lat' dir='ltr'><strong><em>tonimeudaaeramas</em></strong></span> <span class='ocrx_word' id='word_1_679' title='bbox 2055 4768 2148 4823; x_wconf 80' lang='lat' dir='ltr'><strong><em>aiam</em></strong></span> <span class='ocrx_word' id='word_1_680' title='bbox 2166 4766 2204 4820; x_wconf 84' lang='lat' dir='ltr'><strong><em>le·</em></strong></span> 
     </span>
     <span class='ocr_line' id='line_1_47' title="bbox 354 4827 2105 4898; baseline 0.004 -18"><span class='ocrx_word' id='word_1_681' title='bbox 354 4827 501 4898; x_wconf 73' lang='lat' dir='ltr'><strong><em>perdum:</em></strong></span> <span class='ocrx_word' id='word_1_682' title='bbox 518 4828 612 4882; x_wconf 83' lang='lat' dir='ltr'><strong><em>donec</em></strong></span> <span class='ocrx_word' id='word_1_683' title='bbox 632 4831 776 4890; x_wconf 80' lang='lat' dir='ltr'><strong><em>constitit,</em></strong></span> <span class='ocrx_word' id='word_1_684' title='bbox 795 4830 913 4882; x_wconf 84' lang='lat' dir='ltr'><strong><em>amicos</em></strong></span> <span class='ocrx_word' id='word_1_685' title='bbox 928 4843 989 4882; x_wconf 82' lang='lat' dir='ltr'><strong><em>nors</em></strong></span> <span class='ocrx_word' id='word_1_686' title='bbox 1007 4835 1118 4884; x_wconf 77' lang='lat' dir='ltr'><strong><em>terame</em></strong></span> <span class='ocrx_word' id='word_1_687' title='bbox 1136 4829 1356 4898; x_wconf 78' lang='lat' dir='ltr'><strong><em>admonuisse.“</em></strong></span> <span class='ocrx_word' id='word_1_688' title='bbox 2100 4839 2105 4848; x_wconf 95' lang='lat'>&#39;</span> 
     </span>
    </p>
   </div>
   <div class='ocr_carea' id='block_1_18' title="bbox 263 4993 2205 5194">
    <p class='ocr_par' dir='ltr' id='par_1_19' title="bbox 263 4993 2205 5194">
     <span class='ocr_line' id='line_1_48' title="bbox 263 4993 2203 5072; baseline 0.007 -25"><span class='ocrx_word' id='word_1_689' title='bbox 263 4993 320 5061; x_wconf 72' lang='lat' dir='ltr'><strong><em>m)</em></strong></span> <span class='ocrx_word' id='word_1_690' title='bbox 356 4996 515 5060; x_wconf 75' lang='lat' dir='ltr'><strong><em>Quapropter</em></strong></span> <span class='ocrx_word' id='word_1_691' title='bbox 531 4998 610 5052; x_wconf 82' lang='lat' dir='ltr'><strong><em>etlam</em></strong></span> <span class='ocrx_word' id='word_1_692' title='bbox 628 5000 822 5053; x_wconf 81' lang='lat' dir='ltr'><strong><em>viucentlus</em></strong></span> <span class='ocrx_word' id='word_1_693' title='bbox 840 5000 995 5055; x_wconf 79' lang='lat' dir='ltr'><strong><em>Placetne</em></strong></span> <span class='ocrx_word' id='word_1_694' title='bbox 1012 5002 1038 5054; x_wconf 92' lang='lat' dir='ltr'><strong><em>ln</em></strong></span> <span class='ocrx_word' id='word_1_695' title='bbox 1055 5002 1157 5054; x_wconf 81' lang='lat' dir='ltr'><strong><em>lbeatrl</em></strong></span> <span class='ocrx_word' id='word_1_696' title='bbox 1175 5003 1364 5065; x_wconf 73' lang='lat' dir='ltr'><strong><em>anonymorum</em></strong></span> <span class='ocrx_word' id='word_1_697' title='bbox 1388 5007 1414 5056; x_wconf 88' lang='lat' dir='ltr'><strong><em>et</em></strong></span> <span class='ocrx_word' id='word_1_698' title='bbox 1430 5004 1666 5066; x_wconf 75' lang='lat' dir='ltr'><strong><em>Pserrdonyrnornrn</em></strong></span> <span class='ocrx_word' id='word_1_699' title='bbox 1708 5005 1847 5067; x_wconf 73' lang='lat' dir='ltr'><strong><em>Hsmbnral</em></strong></span> <span class='ocrx_word' id='word_1_700' title='bbox 1867 5007 1942 5060; x_wconf 82' lang='grc'>1708.</span> <span class='ocrx_word' id='word_1_701' title='bbox 1960 5007 2028 5072; x_wconf 79' lang='lat' dir='ltr'><strong><em>Fal.)</em></strong></span> <span class='ocrx_word' id='word_1_702' title='bbox 2048 5007 2080 5060; x_wconf 87' lang='lat' dir='ltr'><strong><em>de</em></strong></span> <span class='ocrx_word' id='word_1_703' title='bbox 2098 5007 2203 5070; x_wconf 81' lang='lat' dir='ltr'><strong><em>scrinio·</em></strong></span> 
     </span>
     <span class='ocr_line' id='line_1_49' title="bbox 356 5005 2205 5192; baseline 0.005 -73"><span class='ocrx_word' id='word_1_704' title='bbox 356 5065 432 5188; x_wconf 48' lang='lat' dir='ltr'><strong><em>{lippus</em></strong></span> <span class='ocrx_word' id='word_1_705' title='bbox 445 5067 710 5190; x_wconf 53' lang='lat' dir='ltr'><strong><em>bffiu‘ifflll&#39;ssffim</em></strong></span> <span class='ocrx_word' id='word_1_706' title='bbox 728 5070 831 5192; x_wconf 47' lang='lat' dir='ltr'><strong><em>niepsp.</em></strong></span> <span class='ocrx_word' id='word_1_707' title='bbox 849 5079 888 5122; x_wconf 92' lang='lat' dir='ltr'><strong><em>nr.</em></strong></span> <span class='ocrx_word' id='word_1_708' title='bbox 906 5069 981 5122; x_wconf 69' lang='lat' dir='ltr'><strong><em>aaut.</em></strong></span> <span class='ocrx_word' id='word_1_709' title='bbox 1008 5071 1057 5124; x_wconf 85' lang='lat' dir='ltr'><strong><em>bac</em></strong></span> <span class='ocrx_word' id='word_1_710' title='bbox 1078 5082 1172 5126; x_wconf 89' lang='lat' dir='ltr'><strong><em>nonen</em></strong></span> <span class='ocrx_word' id='word_1_711' title='bbox 1195 5083 1349 5136; x_wconf 78' lang='lat' dir='ltr'><strong><em>quamquam</em></strong></span> <span class='ocrx_word' id='word_1_712' title='bbox 1367 5073 1393 5126; x_wconf 90' lang='lat' dir='ltr'><strong><em>ln</em></strong></span> <span class='ocrx_word' id='word_1_713' title='bbox 1411 5069 1528 5127; x_wconf 74' lang='lat' dir='ltr'><strong><em>Messes</em></strong></span> <span class='ocrx_word' id='word_1_714' title='bbox 1544 5069 1667 5140; x_wconf 71' lang='lat' dir='ltr'><strong><em>iitippo</em></strong></span> <span class='ocrx_word' id='word_1_715' title='bbox 1685 5005 1722 5124; x_wconf 78' lang='lat' dir='ltr'><strong><em>sle</em></strong></span> <span class='ocrx_word' id='word_1_716' title='bbox 1742 5070 1932 5127; x_wconf 79' lang='lat' dir='ltr'><strong><em>Terra-Nera</em></strong></span> <span class='ocrx_word' id='word_1_717' title='bbox 1952 5076 2118 5139; x_wconf 77' lang='lat' dir='ltr'><strong><em>deauratam</em></strong></span> <span class='ocrx_word' id='word_1_718' title='bbox 2137 5077 2205 5129; x_wconf 88' lang='lat' dir='ltr'><strong><em>luter</em></strong></span> 
     </span>
     <span class='ocr_line' id='line_1_50' title="bbox 333 5151 1780 5194; baseline 0.006 -7"><span class='ocrx_word' id='word_1_719' title='bbox 333 5181 344 5194; x_wconf 85' lang='lat'><strong><em>,</em></strong></span> <span class='ocrx_word' id='word_1_720' title='bbox 576 5151 634 5190; x_wconf 85' lang='lat' dir='ltr'><strong><em>ran</em></strong></span> <span class='ocrx_word' id='word_1_721' title='bbox 688 5151 721 5190; x_wconf 88' lang='lat' dir='ltr'><strong><em>na</em></strong></span> <span class='ocrx_word' id='word_1_722' title='bbox 780 5151 829 5191; x_wconf 89' lang='lat' dir='ltr'><strong><em>e.</em></strong></span> <span class='ocrx_word' id='word_1_723' title='bbox 1777 5166 1780 5172; x_wconf 96' lang='lat'>·</span> 
     </span>
    </p>
   </div>
   <div class='ocr_carea' id='block_1_19' title="bbox 316 5233 2031 5320">
    <p class='ocr_par' dir='ltr' id='par_1_20' title="bbox 316 5233 2031 5320">
     <span class='ocr_line' id='line_1_51' title="bbox 316 5233 2031 5320; baseline 0.001 -26"><span class='ocrx_word' id='word_1_724' title='bbox 316 5307 324 5320; x_wconf 38' lang='lat' dir='ltr'><em>s</em></span> <span class='ocrx_word' id='word_1_725' title='bbox 356 5253 503 5294; x_wconf 76' lang='lat' dir='ltr'><strong><em>namura.</em></strong></span> <span class='ocrx_word' id='word_1_726' title='bbox 518 5233 600 5296; x_wconf 75' lang='lat' dir='ltr'><strong><em>aina.</em></strong></span> <span class='ocrx_word' id='word_1_727' title='bbox 614 5255 678 5300; x_wconf 81' lang='lat' dir='ltr'><strong><em>von.</em></strong></span> <span class='ocrx_word' id='word_1_728' title='bbox 693 5253 766 5296; x_wconf 83' lang='lat' dir='ltr'><strong><em>xxrr.</em></strong></span> <span class='ocrx_word' id='word_1_729' title='bbox 945 5310 950 5318; x_wconf 22' lang='grc' dir='ltr'>ι</span> <span class='ocrx_word' id='word_1_730' title='bbox 1716 5289 1721 5298; x_wconf 78' lang='grc'><strong>,</strong></span> <span class='ocrx_word' id='word_1_731' title='bbox 1998 5247 2031 5295; x_wconf 72' lang='lat' dir='ltr'><strong><em>aa</em></strong></span> 
     </span>
    </p>
   </div>
   <div class='ocr_carea' id='block_1_20' title="bbox 0 0 2442 5652">
    <p class='ocr_par' dir='ltr' id='par_1_21' title="bbox 0 0 2442 5652">
     <span class='ocr_line' id='line_1_52' title="bbox 0 0 2442 5652; baseline 0 3"><span class='ocrx_word' id='word_1_732' title='bbox 0 0 2442 5652; x_wconf 95' lang='lat' dir='ltr'><strong><em> </em></strong></span> 
     </span>
    </p>
   </div>
  </div>
 </body>
</html>
